%YAML 1.1
%TAG !u! tag:unity3d.com,2011:
--- !u!29 &1
OcclusionCullingSettings:
  m_ObjectHideFlags: 0
  serializedVersion: 2
  m_OcclusionBakeSettings:
    smallestOccluder: 5
    smallestHole: 0.25
    backfaceThreshold: 100
  m_SceneGUID: 00000000000000000000000000000000
  m_OcclusionCullingData: {fileID: 0}
--- !u!104 &2
RenderSettings:
  m_ObjectHideFlags: 0
  serializedVersion: 8
  m_Fog: 0
  m_FogColor: {r: 0.5, g: 0.5, b: 0.5, a: 1}
  m_FogMode: 3
  m_FogDensity: 0.01
  m_LinearFogStart: 0
  m_LinearFogEnd: 300
  m_AmbientSkyColor: {r: 0.212, g: 0.227, b: 0.259, a: 1}
  m_AmbientEquatorColor: {r: 0.114, g: 0.125, b: 0.133, a: 1}
  m_AmbientGroundColor: {r: 0.047, g: 0.043, b: 0.035, a: 1}
  m_AmbientIntensity: 1
  m_AmbientMode: 3
  m_SubtractiveShadowColor: {r: 0.42, g: 0.478, b: 0.627, a: 1}
  m_SkyboxMaterial: {fileID: 0}
  m_HaloStrength: 0.5
  m_FlareStrength: 1
  m_FlareFadeSpeed: 3
  m_HaloTexture: {fileID: 0}
  m_SpotCookie: {fileID: 10001, guid: 0000000000000000e000000000000000, type: 0}
  m_DefaultReflectionMode: 0
  m_DefaultReflectionResolution: 128
  m_ReflectionBounces: 1
  m_ReflectionIntensity: 1
  m_CustomReflection: {fileID: 0}
  m_Sun: {fileID: 0}
  m_IndirectSpecularColor: {r: 0, g: 0, b: 0, a: 1}
--- !u!157 &3
LightmapSettings:
  m_ObjectHideFlags: 0
  serializedVersion: 9
  m_GIWorkflowMode: 1
  m_GISettings:
    serializedVersion: 2
    m_BounceScale: 1
    m_IndirectOutputScale: 1
    m_AlbedoBoost: 1
    m_TemporalCoherenceThreshold: 1
    m_EnvironmentLightingMode: 0
    m_EnableBakedLightmaps: 0
    m_EnableRealtimeLightmaps: 0
  m_LightmapEditorSettings:
    serializedVersion: 8
    m_Resolution: 2
    m_BakeResolution: 40
    m_TextureWidth: 1024
    m_TextureHeight: 1024
    m_AO: 0
    m_AOMaxDistance: 1
    m_CompAOExponent: 1
    m_CompAOExponentDirect: 0
    m_Padding: 2
    m_LightmapParameters: {fileID: 0}
    m_LightmapsBakeMode: 1
    m_TextureCompression: 1
    m_FinalGather: 0
    m_FinalGatherFiltering: 1
    m_FinalGatherRayCount: 256
    m_ReflectionCompression: 2
    m_MixedBakeMode: 3
    m_BakeBackend: 0
    m_PVRSampling: 1
    m_PVRDirectSampleCount: 32
    m_PVRSampleCount: 500
    m_PVRBounces: 2
    m_PVRFiltering: 0
    m_PVRFilteringMode: 1
    m_PVRCulling: 1
    m_PVRFilteringGaussRadiusDirect: 1
    m_PVRFilteringGaussRadiusIndirect: 5
    m_PVRFilteringGaussRadiusAO: 2
    m_PVRFilteringAtrousColorSigma: 1
    m_PVRFilteringAtrousNormalSigma: 1
    m_PVRFilteringAtrousPositionSigma: 1
  m_LightingDataAsset: {fileID: 0}
  m_ShadowMaskMode: 2
--- !u!196 &4
NavMeshSettings:
  serializedVersion: 2
  m_ObjectHideFlags: 0
  m_BuildSettings:
    serializedVersion: 2
    agentTypeID: 0
    agentRadius: 0.5
    agentHeight: 2
    agentSlope: 45
    agentClimb: 0.4
    ledgeDropHeight: 0
    maxJumpAcrossDistance: 0
    minRegionArea: 2
    manualCellSize: 0
    cellSize: 0.16666667
    manualTileSize: 0
    tileSize: 256
    accuratePlacement: 0
  m_NavMeshData: {fileID: 0}
--- !u!1 &21648836
GameObject:
  m_ObjectHideFlags: 0
  m_PrefabParentObject: {fileID: 0}
  m_PrefabInternal: {fileID: 0}
  serializedVersion: 5
  m_Component:
  - component: {fileID: 21648841}
  - component: {fileID: 21648840}
  - component: {fileID: 21648837}
  m_Layer: 0
  m_Name: level_draw
  m_TagString: Untagged
  m_Icon: {fileID: 0}
  m_NavMeshLayer: 0
  m_StaticEditorFlags: 0
  m_IsActive: 0
--- !u!114 &21648837
MonoBehaviour:
  m_ObjectHideFlags: 0
  m_PrefabParentObject: {fileID: 0}
  m_PrefabInternal: {fileID: 0}
  m_GameObject: {fileID: 21648836}
  m_Enabled: 1
  m_EditorHideFlags: 0
  m_Script: {fileID: 11500000, guid: 2a3722c036ad2b44ca975938cbeea6b5, type: 3}
  m_Name: 
  m_EditorClassIdentifier: 
  collisionMask: {fileID: 2800000, guid: bf78f81f121ecac4a8f18edb1f62cfb9, type: 3}
  pixelCollision: 1
--- !u!212 &21648840
SpriteRenderer:
  m_ObjectHideFlags: 0
  m_PrefabParentObject: {fileID: 0}
  m_PrefabInternal: {fileID: 0}
  m_GameObject: {fileID: 21648836}
  m_Enabled: 1
  m_CastShadows: 0
  m_ReceiveShadows: 0
  m_MotionVectors: 1
  m_LightProbeUsage: 1
  m_ReflectionProbeUsage: 1
  m_Materials:
  - {fileID: 10754, guid: 0000000000000000f000000000000000, type: 0}
  m_StaticBatchInfo:
    firstSubMesh: 0
    subMeshCount: 0
  m_StaticBatchRoot: {fileID: 0}
  m_ProbeAnchor: {fileID: 0}
  m_LightProbeVolumeOverride: {fileID: 0}
  m_ScaleInLightmap: 1
  m_PreserveUVs: 0
  m_IgnoreNormalsForChartDetection: 0
  m_ImportantGI: 0
  m_SelectedEditorRenderState: 0
  m_MinimumChartSize: 4
  m_AutoUVMaxDistance: 0.5
  m_AutoUVMaxAngle: 89
  m_LightmapParameters: {fileID: 0}
  m_SortingLayerID: 0
  m_SortingLayer: 0
  m_SortingOrder: 0
  m_Sprite: {fileID: 21300000, guid: bf78f81f121ecac4a8f18edb1f62cfb9, type: 3}
  m_Color: {r: 1, g: 1, b: 1, a: 1}
  m_FlipX: 0
  m_FlipY: 0
  m_DrawMode: 0
  m_Size: {x: 48, y: 32}
  m_AdaptiveModeThreshold: 0.5
  m_SpriteTileMode: 0
--- !u!4 &21648841
Transform:
  m_ObjectHideFlags: 0
  m_PrefabParentObject: {fileID: 0}
  m_PrefabInternal: {fileID: 0}
  m_GameObject: {fileID: 21648836}
  m_LocalRotation: {x: 0, y: 0, z: 0, w: 1}
  m_LocalPosition: {x: 0, y: 0, z: 0}
  m_LocalScale: {x: 1, y: 1, z: 1}
  m_Children: []
  m_Father: {fileID: 0}
  m_RootOrder: 8
  m_LocalEulerAnglesHint: {x: 0, y: 0, z: 0}
--- !u!4 &118741044 stripped
Transform:
  m_PrefabParentObject: {fileID: 4588701365252230, guid: 9efe80ade6fed384393835f40ab3d28f,
    type: 2}
  m_PrefabInternal: {fileID: 719794420}
--- !u!1001 &135837719
Prefab:
  m_ObjectHideFlags: 0
  serializedVersion: 2
  m_Modification:
    m_TransformParent: {fileID: 376174285}
    m_Modifications:
    - target: {fileID: 4707901521895790, guid: 2d391639fc528fc41912014952a18808, type: 2}
      propertyPath: m_LocalPosition.x
      value: 1.176
      objectReference: {fileID: 0}
    - target: {fileID: 4707901521895790, guid: 2d391639fc528fc41912014952a18808, type: 2}
      propertyPath: m_LocalPosition.y
      value: 1.93
      objectReference: {fileID: 0}
    - target: {fileID: 4707901521895790, guid: 2d391639fc528fc41912014952a18808, type: 2}
      propertyPath: m_LocalPosition.z
      value: 0
      objectReference: {fileID: 0}
    - target: {fileID: 4707901521895790, guid: 2d391639fc528fc41912014952a18808, type: 2}
      propertyPath: m_LocalRotation.x
      value: -0
      objectReference: {fileID: 0}
    - target: {fileID: 4707901521895790, guid: 2d391639fc528fc41912014952a18808, type: 2}
      propertyPath: m_LocalRotation.y
      value: -0
      objectReference: {fileID: 0}
    - target: {fileID: 4707901521895790, guid: 2d391639fc528fc41912014952a18808, type: 2}
      propertyPath: m_LocalRotation.z
      value: -0
      objectReference: {fileID: 0}
    - target: {fileID: 4707901521895790, guid: 2d391639fc528fc41912014952a18808, type: 2}
      propertyPath: m_LocalRotation.w
      value: 1
      objectReference: {fileID: 0}
    - target: {fileID: 4707901521895790, guid: 2d391639fc528fc41912014952a18808, type: 2}
      propertyPath: m_RootOrder
      value: 17
      objectReference: {fileID: 0}
    - target: {fileID: 1999538634866442, guid: 2d391639fc528fc41912014952a18808, type: 2}
      propertyPath: m_Name
      value: Box_DarkActive (8)
      objectReference: {fileID: 0}
    - target: {fileID: 114481924567089574, guid: 2d391639fc528fc41912014952a18808,
        type: 2}
      propertyPath: visibileInLight
      value: 1
      objectReference: {fileID: 0}
    m_RemovedComponents:
    - {fileID: 114197127206211542, guid: 2d391639fc528fc41912014952a18808, type: 2}
  m_ParentPrefab: {fileID: 100100000, guid: 2d391639fc528fc41912014952a18808, type: 2}
  m_IsPrefabParent: 0
--- !u!4 &145077364 stripped
Transform:
  m_PrefabParentObject: {fileID: 4588701365252230, guid: 9efe80ade6fed384393835f40ab3d28f,
    type: 2}
  m_PrefabInternal: {fileID: 1226200927}
--- !u!1 &194808301 stripped
GameObject:
  m_PrefabParentObject: {fileID: 1533420936030602, guid: edbe0975f6780514eb7823dd64cd4edf,
    type: 2}
  m_PrefabInternal: {fileID: 1798512208}
--- !u!114 &194808303
MonoBehaviour:
  m_ObjectHideFlags: 0
  m_PrefabParentObject: {fileID: 0}
  m_PrefabInternal: {fileID: 0}
  m_GameObject: {fileID: 194808301}
  m_Enabled: 1
  m_EditorHideFlags: 0
  m_Script: {fileID: 11500000, guid: 92850de44a7861948a9c3f9231415034, type: 3}
  m_Name: 
  m_EditorClassIdentifier: 
  gamePaused: 0
--- !u!4 &194879231 stripped
Transform:
  m_PrefabParentObject: {fileID: 4764117080811070, guid: aa4a329a8348a1546a0b186190f1c3b0,
    type: 2}
  m_PrefabInternal: {fileID: 445269609}
--- !u!4 &201603046 stripped
Transform:
  m_PrefabParentObject: {fileID: 4588701365252230, guid: 9efe80ade6fed384393835f40ab3d28f,
    type: 2}
  m_PrefabInternal: {fileID: 1352477639}
--- !u!1001 &314788807
Prefab:
  m_ObjectHideFlags: 0
  serializedVersion: 2
  m_Modification:
    m_TransformParent: {fileID: 376174285}
    m_Modifications:
    - target: {fileID: 4707901521895790, guid: 2d391639fc528fc41912014952a18808, type: 2}
      propertyPath: m_LocalPosition.x
      value: 0.184
      objectReference: {fileID: 0}
    - target: {fileID: 4707901521895790, guid: 2d391639fc528fc41912014952a18808, type: 2}
      propertyPath: m_LocalPosition.y
      value: 1.759
      objectReference: {fileID: 0}
    - target: {fileID: 4707901521895790, guid: 2d391639fc528fc41912014952a18808, type: 2}
      propertyPath: m_LocalPosition.z
      value: 0
      objectReference: {fileID: 0}
    - target: {fileID: 4707901521895790, guid: 2d391639fc528fc41912014952a18808, type: 2}
      propertyPath: m_LocalRotation.x
      value: -0
      objectReference: {fileID: 0}
    - target: {fileID: 4707901521895790, guid: 2d391639fc528fc41912014952a18808, type: 2}
      propertyPath: m_LocalRotation.y
      value: -0
      objectReference: {fileID: 0}
    - target: {fileID: 4707901521895790, guid: 2d391639fc528fc41912014952a18808, type: 2}
      propertyPath: m_LocalRotation.z
      value: 0.88649905
      objectReference: {fileID: 0}
    - target: {fileID: 4707901521895790, guid: 2d391639fc528fc41912014952a18808, type: 2}
      propertyPath: m_LocalRotation.w
      value: 0.46273047
      objectReference: {fileID: 0}
    - target: {fileID: 4707901521895790, guid: 2d391639fc528fc41912014952a18808, type: 2}
      propertyPath: m_RootOrder
      value: 13
      objectReference: {fileID: 0}
    - target: {fileID: 114197127206211542, guid: 2d391639fc528fc41912014952a18808,
        type: 2}
      propertyPath: showCrossBox
      value: 0
      objectReference: {fileID: 0}
    - target: {fileID: 1999538634866442, guid: 2d391639fc528fc41912014952a18808, type: 2}
      propertyPath: m_Name
      value: Box_DarkActive (4)
      objectReference: {fileID: 0}
    - target: {fileID: 4707901521895790, guid: 2d391639fc528fc41912014952a18808, type: 2}
      propertyPath: m_LocalScale.y
      value: 5.3875
      objectReference: {fileID: 0}
    - target: {fileID: 4707901521895790, guid: 2d391639fc528fc41912014952a18808, type: 2}
      propertyPath: m_LocalEulerAnglesHint.z
      value: 124.87301
      objectReference: {fileID: 0}
    - target: {fileID: 4707901521895790, guid: 2d391639fc528fc41912014952a18808, type: 2}
      propertyPath: m_LocalScale.x
      value: 0.9999999
      objectReference: {fileID: 0}
    - target: {fileID: 114422181768826270, guid: 2d391639fc528fc41912014952a18808,
        type: 2}
      propertyPath: jumpThrough
      value: 0
      objectReference: {fileID: 0}
    m_RemovedComponents: []
  m_ParentPrefab: {fileID: 100100000, guid: 2d391639fc528fc41912014952a18808, type: 2}
  m_IsPrefabParent: 0
--- !u!1 &316707587 stripped
GameObject:
  m_PrefabParentObject: {fileID: 1643288719893072, guid: e21daae35531b1b4ea5b41aff8154b9b,
    type: 2}
  m_PrefabInternal: {fileID: 1752489196}
--- !u!114 &316707593
MonoBehaviour:
  m_ObjectHideFlags: 0
  m_PrefabParentObject: {fileID: 0}
  m_PrefabInternal: {fileID: 0}
  m_GameObject: {fileID: 316707587}
  m_Enabled: 1
  m_EditorHideFlags: 0
  m_Script: {fileID: 11500000, guid: 5dab0e26bdea9264eaeaedb5159534a1, type: 3}
  m_Name: 
  m_EditorClassIdentifier: 
  zoomOut: 2
  zoomIn: 2
  cameraOffset: {x: 0, y: 0, z: -16}
--- !u!1001 &371247724
Prefab:
  m_ObjectHideFlags: 0
  serializedVersion: 2
  m_Modification:
    m_TransformParent: {fileID: 376174285}
    m_Modifications:
    - target: {fileID: 4588701365252230, guid: 9efe80ade6fed384393835f40ab3d28f, type: 2}
      propertyPath: m_LocalPosition.x
      value: -3.36
      objectReference: {fileID: 0}
    - target: {fileID: 4588701365252230, guid: 9efe80ade6fed384393835f40ab3d28f, type: 2}
      propertyPath: m_LocalPosition.y
      value: 3.513
      objectReference: {fileID: 0}
    - target: {fileID: 4588701365252230, guid: 9efe80ade6fed384393835f40ab3d28f, type: 2}
      propertyPath: m_LocalPosition.z
      value: 0
      objectReference: {fileID: 0}
    - target: {fileID: 4588701365252230, guid: 9efe80ade6fed384393835f40ab3d28f, type: 2}
      propertyPath: m_LocalRotation.x
      value: -0
      objectReference: {fileID: 0}
    - target: {fileID: 4588701365252230, guid: 9efe80ade6fed384393835f40ab3d28f, type: 2}
      propertyPath: m_LocalRotation.y
      value: -0
      objectReference: {fileID: 0}
    - target: {fileID: 4588701365252230, guid: 9efe80ade6fed384393835f40ab3d28f, type: 2}
      propertyPath: m_LocalRotation.z
      value: -0.034513146
      objectReference: {fileID: 0}
    - target: {fileID: 4588701365252230, guid: 9efe80ade6fed384393835f40ab3d28f, type: 2}
      propertyPath: m_LocalRotation.w
      value: 0.99940425
      objectReference: {fileID: 0}
    - target: {fileID: 4588701365252230, guid: 9efe80ade6fed384393835f40ab3d28f, type: 2}
      propertyPath: m_RootOrder
      value: 21
      objectReference: {fileID: 0}
    - target: {fileID: 4588701365252230, guid: 9efe80ade6fed384393835f40ab3d28f, type: 2}
      propertyPath: m_LocalScale.x
      value: 26.19402
      objectReference: {fileID: 0}
    - target: {fileID: 1925325423495300, guid: 9efe80ade6fed384393835f40ab3d28f, type: 2}
      propertyPath: m_Name
      value: Box_Static (6)
      objectReference: {fileID: 0}
    - target: {fileID: 4588701365252230, guid: 9efe80ade6fed384393835f40ab3d28f, type: 2}
      propertyPath: m_LocalEulerAnglesHint.z
      value: -3.956
      objectReference: {fileID: 0}
    m_RemovedComponents: []
  m_ParentPrefab: {fileID: 100100000, guid: 9efe80ade6fed384393835f40ab3d28f, type: 2}
  m_IsPrefabParent: 0
--- !u!1 &376174284
GameObject:
  m_ObjectHideFlags: 0
  m_PrefabParentObject: {fileID: 0}
  m_PrefabInternal: {fileID: 0}
  serializedVersion: 5
  m_Component:
  - component: {fileID: 376174285}
  m_Layer: 10
  m_Name: Basic Level Structures
  m_TagString: Untagged
  m_Icon: {fileID: 0}
  m_NavMeshLayer: 0
  m_StaticEditorFlags: 0
  m_IsActive: 1
--- !u!4 &376174285
Transform:
  m_ObjectHideFlags: 0
  m_PrefabParentObject: {fileID: 0}
  m_PrefabInternal: {fileID: 0}
  m_GameObject: {fileID: 376174284}
  m_LocalRotation: {x: -0, y: -0, z: -0, w: 1}
  m_LocalPosition: {x: 0, y: 0, z: 0}
  m_LocalScale: {x: 1, y: 1, z: 1}
  m_Children:
  - {fileID: 503135388}
  - {fileID: 508131335}
  - {fileID: 451044302}
  - {fileID: 551814933}
  - {fileID: 1689930715}
  - {fileID: 1139554547}
  - {fileID: 194879231}
  - {fileID: 2101188180}
  - {fileID: 201603046}
  - {fileID: 145077364}
  - {fileID: 1996613982}
  - {fileID: 1641265486}
  - {fileID: 1626367760}
  - {fileID: 1751487672}
  - {fileID: 1507651221}
  - {fileID: 774628752}
  - {fileID: 1051174466}
  - {fileID: 725615463}
  - {fileID: 662008878}
  - {fileID: 635753818}
  - {fileID: 576362403}
  - {fileID: 568655666}
  - {fileID: 1271693003}
  - {fileID: 2088926210}
  - {fileID: 118741044}
  m_Father: {fileID: 0}
  m_RootOrder: 5
  m_LocalEulerAnglesHint: {x: 0, y: 0, z: 0}
--- !u!1 &389159923 stripped
GameObject:
  m_PrefabParentObject: {fileID: 1999538634866442, guid: 2d391639fc528fc41912014952a18808,
    type: 2}
  m_PrefabInternal: {fileID: 807604533}
--- !u!114 &389159928
MonoBehaviour:
  m_ObjectHideFlags: 0
  m_PrefabParentObject: {fileID: 0}
  m_PrefabInternal: {fileID: 0}
  m_GameObject: {fileID: 389159923}
  m_Enabled: 1
  m_EditorHideFlags: 0
  m_Script: {fileID: 11500000, guid: 5832315bf3f54f84db7ca0c41fe6ffe5, type: 3}
  m_Name: 
  m_EditorClassIdentifier: 
  showCrossBox: 0
  showRulers: 0
--- !u!1001 &397574318
Prefab:
  m_ObjectHideFlags: 0
  serializedVersion: 2
  m_Modification:
    m_TransformParent: {fileID: 376174285}
    m_Modifications:
    - target: {fileID: 4764117080811070, guid: aa4a329a8348a1546a0b186190f1c3b0, type: 2}
      propertyPath: m_LocalPosition.x
      value: -2.1034074
      objectReference: {fileID: 0}
    - target: {fileID: 4764117080811070, guid: aa4a329a8348a1546a0b186190f1c3b0, type: 2}
      propertyPath: m_LocalPosition.y
      value: 2.5066323
      objectReference: {fileID: 0}
    - target: {fileID: 4764117080811070, guid: aa4a329a8348a1546a0b186190f1c3b0, type: 2}
      propertyPath: m_LocalPosition.z
      value: 0
      objectReference: {fileID: 0}
    - target: {fileID: 4764117080811070, guid: aa4a329a8348a1546a0b186190f1c3b0, type: 2}
      propertyPath: m_LocalRotation.x
      value: -0
      objectReference: {fileID: 0}
    - target: {fileID: 4764117080811070, guid: aa4a329a8348a1546a0b186190f1c3b0, type: 2}
      propertyPath: m_LocalRotation.y
      value: -0
      objectReference: {fileID: 0}
    - target: {fileID: 4764117080811070, guid: aa4a329a8348a1546a0b186190f1c3b0, type: 2}
      propertyPath: m_LocalRotation.z
      value: -0
      objectReference: {fileID: 0}
    - target: {fileID: 4764117080811070, guid: aa4a329a8348a1546a0b186190f1c3b0, type: 2}
      propertyPath: m_LocalRotation.w
      value: 1
      objectReference: {fileID: 0}
    - target: {fileID: 4764117080811070, guid: aa4a329a8348a1546a0b186190f1c3b0, type: 2}
      propertyPath: m_RootOrder
      value: 0
      objectReference: {fileID: 0}
    - target: {fileID: 1675977109184738, guid: aa4a329a8348a1546a0b186190f1c3b0, type: 2}
      propertyPath: m_Name
      value: Box_LightActive (3)
      objectReference: {fileID: 0}
    m_RemovedComponents: []
  m_ParentPrefab: {fileID: 100100000, guid: aa4a329a8348a1546a0b186190f1c3b0, type: 2}
  m_IsPrefabParent: 0
--- !u!1001 &401659567
Prefab:
  m_ObjectHideFlags: 0
  serializedVersion: 2
  m_Modification:
    m_TransformParent: {fileID: 376174285}
    m_Modifications:
    - target: {fileID: 4588701365252230, guid: 9efe80ade6fed384393835f40ab3d28f, type: 2}
      propertyPath: m_LocalPosition.x
      value: -1.289
      objectReference: {fileID: 0}
    - target: {fileID: 4588701365252230, guid: 9efe80ade6fed384393835f40ab3d28f, type: 2}
      propertyPath: m_LocalPosition.y
      value: 5.423
      objectReference: {fileID: 0}
    - target: {fileID: 4588701365252230, guid: 9efe80ade6fed384393835f40ab3d28f, type: 2}
      propertyPath: m_LocalPosition.z
      value: 0
      objectReference: {fileID: 0}
    - target: {fileID: 4588701365252230, guid: 9efe80ade6fed384393835f40ab3d28f, type: 2}
      propertyPath: m_LocalRotation.x
      value: -0
      objectReference: {fileID: 0}
    - target: {fileID: 4588701365252230, guid: 9efe80ade6fed384393835f40ab3d28f, type: 2}
      propertyPath: m_LocalRotation.y
      value: -0
      objectReference: {fileID: 0}
    - target: {fileID: 4588701365252230, guid: 9efe80ade6fed384393835f40ab3d28f, type: 2}
      propertyPath: m_LocalRotation.z
      value: 0.71515125
      objectReference: {fileID: 0}
    - target: {fileID: 4588701365252230, guid: 9efe80ade6fed384393835f40ab3d28f, type: 2}
      propertyPath: m_LocalRotation.w
      value: 0.6989697
      objectReference: {fileID: 0}
    - target: {fileID: 4588701365252230, guid: 9efe80ade6fed384393835f40ab3d28f, type: 2}
      propertyPath: m_RootOrder
      value: 20
      objectReference: {fileID: 0}
    - target: {fileID: 4588701365252230, guid: 9efe80ade6fed384393835f40ab3d28f, type: 2}
      propertyPath: m_LocalScale.x
      value: 26.19402
      objectReference: {fileID: 0}
    - target: {fileID: 1925325423495300, guid: 9efe80ade6fed384393835f40ab3d28f, type: 2}
      propertyPath: m_Name
      value: Box_Static (5)
      objectReference: {fileID: 0}
    - target: {fileID: 4588701365252230, guid: 9efe80ade6fed384393835f40ab3d28f, type: 2}
      propertyPath: m_LocalEulerAnglesHint.z
      value: 91.311005
      objectReference: {fileID: 0}
    m_RemovedComponents: []
  m_ParentPrefab: {fileID: 100100000, guid: 9efe80ade6fed384393835f40ab3d28f, type: 2}
  m_IsPrefabParent: 0
--- !u!1001 &445269609
Prefab:
  m_ObjectHideFlags: 0
  serializedVersion: 2
  m_Modification:
    m_TransformParent: {fileID: 376174285}
    m_Modifications:
    - target: {fileID: 4764117080811070, guid: aa4a329a8348a1546a0b186190f1c3b0, type: 2}
      propertyPath: m_LocalPosition.x
      value: 0.221
      objectReference: {fileID: 0}
    - target: {fileID: 4764117080811070, guid: aa4a329a8348a1546a0b186190f1c3b0, type: 2}
      propertyPath: m_LocalPosition.y
      value: 0.64
      objectReference: {fileID: 0}
    - target: {fileID: 4764117080811070, guid: aa4a329a8348a1546a0b186190f1c3b0, type: 2}
      propertyPath: m_LocalPosition.z
      value: 0
      objectReference: {fileID: 0}
    - target: {fileID: 4764117080811070, guid: aa4a329a8348a1546a0b186190f1c3b0, type: 2}
      propertyPath: m_LocalRotation.x
      value: -0
      objectReference: {fileID: 0}
    - target: {fileID: 4764117080811070, guid: aa4a329a8348a1546a0b186190f1c3b0, type: 2}
      propertyPath: m_LocalRotation.y
      value: -0
      objectReference: {fileID: 0}
    - target: {fileID: 4764117080811070, guid: aa4a329a8348a1546a0b186190f1c3b0, type: 2}
      propertyPath: m_LocalRotation.z
      value: -0
      objectReference: {fileID: 0}
    - target: {fileID: 4764117080811070, guid: aa4a329a8348a1546a0b186190f1c3b0, type: 2}
      propertyPath: m_LocalRotation.w
      value: 1
      objectReference: {fileID: 0}
    - target: {fileID: 4764117080811070, guid: aa4a329a8348a1546a0b186190f1c3b0, type: 2}
      propertyPath: m_RootOrder
      value: 6
      objectReference: {fileID: 0}
    - target: {fileID: 4764117080811070, guid: aa4a329a8348a1546a0b186190f1c3b0, type: 2}
      propertyPath: m_LocalScale.x
      value: 3.239988
      objectReference: {fileID: 0}
    - target: {fileID: 114768775164874002, guid: aa4a329a8348a1546a0b186190f1c3b0,
        type: 2}
      propertyPath: showCrossBox
      value: 0
      objectReference: {fileID: 0}
    m_RemovedComponents: []
  m_ParentPrefab: {fileID: 100100000, guid: aa4a329a8348a1546a0b186190f1c3b0, type: 2}
  m_IsPrefabParent: 0
--- !u!4 &451044302 stripped
Transform:
  m_PrefabParentObject: {fileID: 4764117080811070, guid: aa4a329a8348a1546a0b186190f1c3b0,
    type: 2}
  m_PrefabInternal: {fileID: 2031641735}
--- !u!1 &467967486
GameObject:
  m_ObjectHideFlags: 0
  m_PrefabParentObject: {fileID: 0}
  m_PrefabInternal: {fileID: 0}
  serializedVersion: 5
  m_Component:
  - component: {fileID: 467967487}
  m_Layer: 10
  m_Name: Props
  m_TagString: Untagged
  m_Icon: {fileID: 0}
  m_NavMeshLayer: 0
  m_StaticEditorFlags: 0
  m_IsActive: 1
--- !u!4 &467967487
Transform:
  m_ObjectHideFlags: 0
  m_PrefabParentObject: {fileID: 0}
  m_PrefabInternal: {fileID: 0}
  m_GameObject: {fileID: 467967486}
  m_LocalRotation: {x: -0, y: -0, z: -0, w: 1}
  m_LocalPosition: {x: 0, y: 0, z: 0}
  m_LocalScale: {x: 1, y: 1, z: 1}
  m_Children: []
  m_Father: {fileID: 0}
  m_RootOrder: 7
  m_LocalEulerAnglesHint: {x: 0, y: 0, z: 0}
--- !u!1001 &472024717
Prefab:
  m_ObjectHideFlags: 0
  serializedVersion: 2
  m_Modification:
    m_TransformParent: {fileID: 0}
    m_Modifications:
    - target: {fileID: 4701609631992054, guid: e36942951a9dea34bb24879cb43d6c4e, type: 2}
      propertyPath: m_LocalPosition.x
      value: -2.102
      objectReference: {fileID: 0}
    - target: {fileID: 4701609631992054, guid: e36942951a9dea34bb24879cb43d6c4e, type: 2}
      propertyPath: m_LocalPosition.y
      value: 0.972
      objectReference: {fileID: 0}
    - target: {fileID: 4701609631992054, guid: e36942951a9dea34bb24879cb43d6c4e, type: 2}
      propertyPath: m_LocalPosition.z
      value: 1.48
      objectReference: {fileID: 0}
    - target: {fileID: 4701609631992054, guid: e36942951a9dea34bb24879cb43d6c4e, type: 2}
      propertyPath: m_LocalRotation.x
      value: -0
      objectReference: {fileID: 0}
    - target: {fileID: 4701609631992054, guid: e36942951a9dea34bb24879cb43d6c4e, type: 2}
      propertyPath: m_LocalRotation.y
      value: -0
      objectReference: {fileID: 0}
    - target: {fileID: 4701609631992054, guid: e36942951a9dea34bb24879cb43d6c4e, type: 2}
      propertyPath: m_LocalRotation.z
      value: -0
      objectReference: {fileID: 0}
    - target: {fileID: 4701609631992054, guid: e36942951a9dea34bb24879cb43d6c4e, type: 2}
      propertyPath: m_LocalRotation.w
      value: 1
      objectReference: {fileID: 0}
    - target: {fileID: 4701609631992054, guid: e36942951a9dea34bb24879cb43d6c4e, type: 2}
      propertyPath: m_RootOrder
      value: 0
      objectReference: {fileID: 0}
    - target: {fileID: 1674094359962858, guid: e36942951a9dea34bb24879cb43d6c4e, type: 2}
      propertyPath: m_Name
      value: Player
      objectReference: {fileID: 0}
    - target: {fileID: 61855098049771860, guid: e36942951a9dea34bb24879cb43d6c4e,
        type: 2}
      propertyPath: m_Offset.x
      value: -0.0018799026
      objectReference: {fileID: 0}
    - target: {fileID: 61855098049771860, guid: e36942951a9dea34bb24879cb43d6c4e,
        type: 2}
      propertyPath: m_Size.x
      value: 0.10902539
      objectReference: {fileID: 0}
    - target: {fileID: 4701609631992054, guid: e36942951a9dea34bb24879cb43d6c4e, type: 2}
      propertyPath: m_LocalScale.y
      value: 2.322619
      objectReference: {fileID: 0}
    - target: {fileID: 4701609631992054, guid: e36942951a9dea34bb24879cb43d6c4e, type: 2}
      propertyPath: m_LocalScale.x
      value: 1.396681
      objectReference: {fileID: 0}
    - target: {fileID: 58065926018702528, guid: e36942951a9dea34bb24879cb43d6c4e,
        type: 2}
      propertyPath: m_Offset.y
      value: -0.026448697
      objectReference: {fileID: 0}
    - target: {fileID: 58065926018702528, guid: e36942951a9dea34bb24879cb43d6c4e,
        type: 2}
      propertyPath: m_Radius
      value: 0.038551196
      objectReference: {fileID: 0}
    - target: {fileID: 114248353484881996, guid: e36942951a9dea34bb24879cb43d6c4e,
        type: 2}
      propertyPath: showDebugWireFrame
      value: 0
      objectReference: {fileID: 0}
    - target: {fileID: 50745862466082760, guid: e36942951a9dea34bb24879cb43d6c4e,
        type: 2}
      propertyPath: m_BodyType
      value: 0
      objectReference: {fileID: 0}
    - target: {fileID: 58065926018702528, guid: e36942951a9dea34bb24879cb43d6c4e,
        type: 2}
      propertyPath: m_Offset.x
      value: 0.00028332544
      objectReference: {fileID: 0}
    m_RemovedComponents: []
  m_ParentPrefab: {fileID: 100100000, guid: e36942951a9dea34bb24879cb43d6c4e, type: 2}
  m_IsPrefabParent: 0
--- !u!1001 &479266882
Prefab:
  m_ObjectHideFlags: 0
  serializedVersion: 2
  m_Modification:
    m_TransformParent: {fileID: 516275459}
    m_Modifications:
    - target: {fileID: 4095532663685748, guid: 1f1387639d35df746af16e8a54812522, type: 2}
      propertyPath: m_LocalPosition.x
      value: 0.949
      objectReference: {fileID: 0}
    - target: {fileID: 4095532663685748, guid: 1f1387639d35df746af16e8a54812522, type: 2}
      propertyPath: m_LocalPosition.y
      value: 0.933
      objectReference: {fileID: 0}
    - target: {fileID: 4095532663685748, guid: 1f1387639d35df746af16e8a54812522, type: 2}
      propertyPath: m_LocalPosition.z
      value: -1.7610788
      objectReference: {fileID: 0}
    - target: {fileID: 4095532663685748, guid: 1f1387639d35df746af16e8a54812522, type: 2}
      propertyPath: m_LocalRotation.x
      value: -0
      objectReference: {fileID: 0}
    - target: {fileID: 4095532663685748, guid: 1f1387639d35df746af16e8a54812522, type: 2}
      propertyPath: m_LocalRotation.y
      value: -0
      objectReference: {fileID: 0}
    - target: {fileID: 4095532663685748, guid: 1f1387639d35df746af16e8a54812522, type: 2}
      propertyPath: m_LocalRotation.z
      value: -0
      objectReference: {fileID: 0}
    - target: {fileID: 4095532663685748, guid: 1f1387639d35df746af16e8a54812522, type: 2}
      propertyPath: m_LocalRotation.w
      value: 1
      objectReference: {fileID: 0}
    - target: {fileID: 4095532663685748, guid: 1f1387639d35df746af16e8a54812522, type: 2}
      propertyPath: m_RootOrder
      value: 1
      objectReference: {fileID: 0}
    - target: {fileID: 114932923619445642, guid: 1f1387639d35df746af16e8a54812522,
        type: 2}
      propertyPath: catchUpSpeed
      value: 0.84
      objectReference: {fileID: 0}
    - target: {fileID: 114932923619445642, guid: 1f1387639d35df746af16e8a54812522,
        type: 2}
      propertyPath: approachSpeed
      value: 0.22
      objectReference: {fileID: 0}
    - target: {fileID: 114932923619445642, guid: 1f1387639d35df746af16e8a54812522,
        type: 2}
      propertyPath: overrideState
      value: 1
      objectReference: {fileID: 0}
    - target: {fileID: 114932923619445642, guid: 1f1387639d35df746af16e8a54812522,
        type: 2}
      propertyPath: motion
      value: 0
      objectReference: {fileID: 0}
    m_RemovedComponents: []
  m_ParentPrefab: {fileID: 100100000, guid: 1f1387639d35df746af16e8a54812522, type: 2}
  m_IsPrefabParent: 0
--- !u!1001 &497254460
Prefab:
  m_ObjectHideFlags: 0
  serializedVersion: 2
  m_Modification:
    m_TransformParent: {fileID: 376174285}
    m_Modifications:
    - target: {fileID: 4707901521895790, guid: 2d391639fc528fc41912014952a18808, type: 2}
      propertyPath: m_LocalPosition.x
      value: -0.27
      objectReference: {fileID: 0}
    - target: {fileID: 4707901521895790, guid: 2d391639fc528fc41912014952a18808, type: 2}
      propertyPath: m_LocalPosition.y
      value: 1.807
      objectReference: {fileID: 0}
    - target: {fileID: 4707901521895790, guid: 2d391639fc528fc41912014952a18808, type: 2}
      propertyPath: m_LocalPosition.z
      value: 0
      objectReference: {fileID: 0}
    - target: {fileID: 4707901521895790, guid: 2d391639fc528fc41912014952a18808, type: 2}
      propertyPath: m_LocalRotation.x
      value: -0
      objectReference: {fileID: 0}
    - target: {fileID: 4707901521895790, guid: 2d391639fc528fc41912014952a18808, type: 2}
      propertyPath: m_LocalRotation.y
      value: -0
      objectReference: {fileID: 0}
    - target: {fileID: 4707901521895790, guid: 2d391639fc528fc41912014952a18808, type: 2}
      propertyPath: m_LocalRotation.z
      value: 0.3083173
      objectReference: {fileID: 0}
    - target: {fileID: 4707901521895790, guid: 2d391639fc528fc41912014952a18808, type: 2}
      propertyPath: m_LocalRotation.w
      value: 0.95128363
      objectReference: {fileID: 0}
    - target: {fileID: 4707901521895790, guid: 2d391639fc528fc41912014952a18808, type: 2}
      propertyPath: m_RootOrder
      value: 12
      objectReference: {fileID: 0}
    - target: {fileID: 114197127206211542, guid: 2d391639fc528fc41912014952a18808,
        type: 2}
      propertyPath: showCrossBox
      value: 0
      objectReference: {fileID: 0}
    - target: {fileID: 1999538634866442, guid: 2d391639fc528fc41912014952a18808, type: 2}
      propertyPath: m_Name
      value: Box_DarkActive (3)
      objectReference: {fileID: 0}
    - target: {fileID: 4707901521895790, guid: 2d391639fc528fc41912014952a18808, type: 2}
      propertyPath: m_LocalScale.y
      value: 5.3875
      objectReference: {fileID: 0}
    - target: {fileID: 114422181768826270, guid: 2d391639fc528fc41912014952a18808,
        type: 2}
      propertyPath: jumpThrough
      value: 0
      objectReference: {fileID: 0}
    - target: {fileID: 4707901521895790, guid: 2d391639fc528fc41912014952a18808, type: 2}
      propertyPath: m_LocalEulerAnglesHint.z
      value: 35.916
      objectReference: {fileID: 0}
    m_RemovedComponents: []
  m_ParentPrefab: {fileID: 100100000, guid: 2d391639fc528fc41912014952a18808, type: 2}
  m_IsPrefabParent: 0
--- !u!4 &503135388 stripped
Transform:
  m_PrefabParentObject: {fileID: 4764117080811070, guid: aa4a329a8348a1546a0b186190f1c3b0,
    type: 2}
  m_PrefabInternal: {fileID: 397574318}
--- !u!4 &508131335 stripped
Transform:
  m_PrefabParentObject: {fileID: 4764117080811070, guid: aa4a329a8348a1546a0b186190f1c3b0,
    type: 2}
  m_PrefabInternal: {fileID: 831956770}
--- !u!1 &516275458
GameObject:
  m_ObjectHideFlags: 0
  m_PrefabParentObject: {fileID: 0}
  m_PrefabInternal: {fileID: 0}
  serializedVersion: 5
  m_Component:
  - component: {fileID: 516275459}
  m_Layer: 10
  m_Name: Enemies
  m_TagString: Untagged
  m_Icon: {fileID: 0}
  m_NavMeshLayer: 0
  m_StaticEditorFlags: 0
  m_IsActive: 1
--- !u!4 &516275459
Transform:
  m_ObjectHideFlags: 0
  m_PrefabParentObject: {fileID: 0}
  m_PrefabInternal: {fileID: 0}
  m_GameObject: {fileID: 516275458}
  m_LocalRotation: {x: -0, y: -0, z: -0, w: 1}
  m_LocalPosition: {x: 0, y: 0, z: 0}
  m_LocalScale: {x: 1, y: 1, z: 1}
  m_Children:
  - {fileID: 913932454}
  - {fileID: 526373564}
  - {fileID: 1532954417}
  m_Father: {fileID: 0}
  m_RootOrder: 6
  m_LocalEulerAnglesHint: {x: 0, y: 0, z: 0}
--- !u!4 &526373564 stripped
Transform:
  m_PrefabParentObject: {fileID: 4095532663685748, guid: 1f1387639d35df746af16e8a54812522,
    type: 2}
  m_PrefabInternal: {fileID: 479266882}
--- !u!4 &551814933 stripped
Transform:
  m_PrefabParentObject: {fileID: 4764117080811070, guid: aa4a329a8348a1546a0b186190f1c3b0,
    type: 2}
  m_PrefabInternal: {fileID: 880831523}
--- !u!4 &568655666 stripped
Transform:
  m_PrefabParentObject: {fileID: 4588701365252230, guid: 9efe80ade6fed384393835f40ab3d28f,
    type: 2}
  m_PrefabInternal: {fileID: 371247724}
--- !u!4 &576362403 stripped
Transform:
  m_PrefabParentObject: {fileID: 4588701365252230, guid: 9efe80ade6fed384393835f40ab3d28f,
    type: 2}
  m_PrefabInternal: {fileID: 401659567}
--- !u!4 &635753818 stripped
Transform:
  m_PrefabParentObject: {fileID: 4588701365252230, guid: 9efe80ade6fed384393835f40ab3d28f,
    type: 2}
  m_PrefabInternal: {fileID: 1745709908}
--- !u!4 &662008878 stripped
Transform:
  m_PrefabParentObject: {fileID: 4707901521895790, guid: 2d391639fc528fc41912014952a18808,
    type: 2}
  m_PrefabInternal: {fileID: 1030728890}
--- !u!1001 &719761087
Prefab:
  m_ObjectHideFlags: 0
  serializedVersion: 2
  m_Modification:
    m_TransformParent: {fileID: 376174285}
    m_Modifications:
    - target: {fileID: 4707901521895790, guid: 2d391639fc528fc41912014952a18808, type: 2}
      propertyPath: m_LocalPosition.x
      value: 1.132
      objectReference: {fileID: 0}
    - target: {fileID: 4707901521895790, guid: 2d391639fc528fc41912014952a18808, type: 2}
      propertyPath: m_LocalPosition.y
      value: 1.295
      objectReference: {fileID: 0}
    - target: {fileID: 4707901521895790, guid: 2d391639fc528fc41912014952a18808, type: 2}
      propertyPath: m_LocalPosition.z
      value: 0
      objectReference: {fileID: 0}
    - target: {fileID: 4707901521895790, guid: 2d391639fc528fc41912014952a18808, type: 2}
      propertyPath: m_LocalRotation.x
      value: -0
      objectReference: {fileID: 0}
    - target: {fileID: 4707901521895790, guid: 2d391639fc528fc41912014952a18808, type: 2}
      propertyPath: m_LocalRotation.y
      value: -0
      objectReference: {fileID: 0}
    - target: {fileID: 4707901521895790, guid: 2d391639fc528fc41912014952a18808, type: 2}
      propertyPath: m_LocalRotation.z
      value: -0
      objectReference: {fileID: 0}
    - target: {fileID: 4707901521895790, guid: 2d391639fc528fc41912014952a18808, type: 2}
      propertyPath: m_LocalRotation.w
      value: 1
      objectReference: {fileID: 0}
    - target: {fileID: 4707901521895790, guid: 2d391639fc528fc41912014952a18808, type: 2}
      propertyPath: m_RootOrder
      value: 14
      objectReference: {fileID: 0}
    - target: {fileID: 1999538634866442, guid: 2d391639fc528fc41912014952a18808, type: 2}
      propertyPath: m_Name
      value: Box_DarkActive (5)
      objectReference: {fileID: 0}
    m_RemovedComponents:
    - {fileID: 114197127206211542, guid: 2d391639fc528fc41912014952a18808, type: 2}
  m_ParentPrefab: {fileID: 100100000, guid: 2d391639fc528fc41912014952a18808, type: 2}
  m_IsPrefabParent: 0
--- !u!1001 &719794420
Prefab:
  m_ObjectHideFlags: 0
  serializedVersion: 2
  m_Modification:
    m_TransformParent: {fileID: 376174285}
    m_Modifications:
    - target: {fileID: 4588701365252230, guid: 9efe80ade6fed384393835f40ab3d28f, type: 2}
      propertyPath: m_LocalPosition.x
      value: -2.471
      objectReference: {fileID: 0}
    - target: {fileID: 4588701365252230, guid: 9efe80ade6fed384393835f40ab3d28f, type: 2}
      propertyPath: m_LocalPosition.y
      value: 0.595
      objectReference: {fileID: 0}
    - target: {fileID: 4588701365252230, guid: 9efe80ade6fed384393835f40ab3d28f, type: 2}
      propertyPath: m_LocalPosition.z
      value: 0
      objectReference: {fileID: 0}
    - target: {fileID: 4588701365252230, guid: 9efe80ade6fed384393835f40ab3d28f, type: 2}
      propertyPath: m_LocalRotation.x
      value: -0
      objectReference: {fileID: 0}
    - target: {fileID: 4588701365252230, guid: 9efe80ade6fed384393835f40ab3d28f, type: 2}
      propertyPath: m_LocalRotation.y
      value: -0
      objectReference: {fileID: 0}
    - target: {fileID: 4588701365252230, guid: 9efe80ade6fed384393835f40ab3d28f, type: 2}
      propertyPath: m_LocalRotation.z
      value: 0.7268908
      objectReference: {fileID: 0}
    - target: {fileID: 4588701365252230, guid: 9efe80ade6fed384393835f40ab3d28f, type: 2}
      propertyPath: m_LocalRotation.w
      value: 0.68675315
      objectReference: {fileID: 0}
    - target: {fileID: 4588701365252230, guid: 9efe80ade6fed384393835f40ab3d28f, type: 2}
      propertyPath: m_RootOrder
      value: 24
      objectReference: {fileID: 0}
    - target: {fileID: 4588701365252230, guid: 9efe80ade6fed384393835f40ab3d28f, type: 2}
      propertyPath: m_LocalScale.x
      value: 1.9403002
      objectReference: {fileID: 0}
    - target: {fileID: 1925325423495300, guid: 9efe80ade6fed384393835f40ab3d28f, type: 2}
      propertyPath: m_Name
      value: Box_Static (8)
      objectReference: {fileID: 0}
    - target: {fileID: 4588701365252230, guid: 9efe80ade6fed384393835f40ab3d28f, type: 2}
      propertyPath: m_LocalScale.y
      value: 6.500001
      objectReference: {fileID: 0}
    - target: {fileID: 4588701365252230, guid: 9efe80ade6fed384393835f40ab3d28f, type: 2}
      propertyPath: m_LocalEulerAnglesHint.z
      value: 93.253006
      objectReference: {fileID: 0}
    m_RemovedComponents: []
  m_ParentPrefab: {fileID: 100100000, guid: 9efe80ade6fed384393835f40ab3d28f, type: 2}
  m_IsPrefabParent: 0
--- !u!1 &725615462 stripped
GameObject:
  m_PrefabParentObject: {fileID: 1999538634866442, guid: 2d391639fc528fc41912014952a18808,
    type: 2}
  m_PrefabInternal: {fileID: 135837719}
--- !u!4 &725615463 stripped
Transform:
  m_PrefabParentObject: {fileID: 4707901521895790, guid: 2d391639fc528fc41912014952a18808,
    type: 2}
  m_PrefabInternal: {fileID: 135837719}
--- !u!114 &725615464
MonoBehaviour:
  m_ObjectHideFlags: 0
  m_PrefabParentObject: {fileID: 0}
  m_PrefabInternal: {fileID: 0}
  m_GameObject: {fileID: 725615462}
  m_Enabled: 1
  m_EditorHideFlags: 0
  m_Script: {fileID: 11500000, guid: 5832315bf3f54f84db7ca0c41fe6ffe5, type: 3}
  m_Name: 
  m_EditorClassIdentifier: 
  showCrossBox: 0
  showRulers: 0
--- !u!1 &774628751 stripped
GameObject:
  m_PrefabParentObject: {fileID: 1999538634866442, guid: 2d391639fc528fc41912014952a18808,
    type: 2}
  m_PrefabInternal: {fileID: 1099423543}
--- !u!4 &774628752 stripped
Transform:
  m_PrefabParentObject: {fileID: 4707901521895790, guid: 2d391639fc528fc41912014952a18808,
    type: 2}
  m_PrefabInternal: {fileID: 1099423543}
--- !u!114 &774628753
MonoBehaviour:
  m_ObjectHideFlags: 0
  m_PrefabParentObject: {fileID: 0}
  m_PrefabInternal: {fileID: 0}
  m_GameObject: {fileID: 774628751}
  m_Enabled: 1
  m_EditorHideFlags: 0
  m_Script: {fileID: 11500000, guid: 5832315bf3f54f84db7ca0c41fe6ffe5, type: 3}
  m_Name: 
  m_EditorClassIdentifier: 
  showCrossBox: 0
  showRulers: 0
--- !u!1001 &807604533
Prefab:
  m_ObjectHideFlags: 0
  serializedVersion: 2
  m_Modification:
    m_TransformParent: {fileID: 376174285}
    m_Modifications:
    - target: {fileID: 4707901521895790, guid: 2d391639fc528fc41912014952a18808, type: 2}
      propertyPath: m_LocalPosition.x
      value: 0.582
      objectReference: {fileID: 0}
    - target: {fileID: 4707901521895790, guid: 2d391639fc528fc41912014952a18808, type: 2}
      propertyPath: m_LocalPosition.y
      value: 0.935
      objectReference: {fileID: 0}
    - target: {fileID: 4707901521895790, guid: 2d391639fc528fc41912014952a18808, type: 2}
      propertyPath: m_LocalPosition.z
      value: 0
      objectReference: {fileID: 0}
    - target: {fileID: 4707901521895790, guid: 2d391639fc528fc41912014952a18808, type: 2}
      propertyPath: m_LocalRotation.x
      value: -0
      objectReference: {fileID: 0}
    - target: {fileID: 4707901521895790, guid: 2d391639fc528fc41912014952a18808, type: 2}
      propertyPath: m_LocalRotation.y
      value: -0
      objectReference: {fileID: 0}
    - target: {fileID: 4707901521895790, guid: 2d391639fc528fc41912014952a18808, type: 2}
      propertyPath: m_LocalRotation.z
      value: -0
      objectReference: {fileID: 0}
    - target: {fileID: 4707901521895790, guid: 2d391639fc528fc41912014952a18808, type: 2}
      propertyPath: m_LocalRotation.w
      value: 1
      objectReference: {fileID: 0}
    - target: {fileID: 4707901521895790, guid: 2d391639fc528fc41912014952a18808, type: 2}
      propertyPath: m_RootOrder
      value: 5
      objectReference: {fileID: 0}
    - target: {fileID: 1999538634866442, guid: 2d391639fc528fc41912014952a18808, type: 2}
      propertyPath: m_Name
      value: Box_DarkActive (1)
      objectReference: {fileID: 0}
    m_RemovedComponents:
    - {fileID: 114197127206211542, guid: 2d391639fc528fc41912014952a18808, type: 2}
  m_ParentPrefab: {fileID: 100100000, guid: 2d391639fc528fc41912014952a18808, type: 2}
  m_IsPrefabParent: 0
--- !u!1001 &831956770
Prefab:
  m_ObjectHideFlags: 0
  serializedVersion: 2
  m_Modification:
    m_TransformParent: {fileID: 376174285}
    m_Modifications:
    - target: {fileID: 4764117080811070, guid: aa4a329a8348a1546a0b186190f1c3b0, type: 2}
      propertyPath: m_LocalPosition.x
      value: -2.717053
      objectReference: {fileID: 0}
    - target: {fileID: 4764117080811070, guid: aa4a329a8348a1546a0b186190f1c3b0, type: 2}
      propertyPath: m_LocalPosition.y
      value: 2.11
      objectReference: {fileID: 0}
    - target: {fileID: 4764117080811070, guid: aa4a329a8348a1546a0b186190f1c3b0, type: 2}
      propertyPath: m_LocalPosition.z
      value: 0
      objectReference: {fileID: 0}
    - target: {fileID: 4764117080811070, guid: aa4a329a8348a1546a0b186190f1c3b0, type: 2}
      propertyPath: m_LocalRotation.x
      value: -0
      objectReference: {fileID: 0}
    - target: {fileID: 4764117080811070, guid: aa4a329a8348a1546a0b186190f1c3b0, type: 2}
      propertyPath: m_LocalRotation.y
      value: -0
      objectReference: {fileID: 0}
    - target: {fileID: 4764117080811070, guid: aa4a329a8348a1546a0b186190f1c3b0, type: 2}
      propertyPath: m_LocalRotation.z
      value: -0
      objectReference: {fileID: 0}
    - target: {fileID: 4764117080811070, guid: aa4a329a8348a1546a0b186190f1c3b0, type: 2}
      propertyPath: m_LocalRotation.w
      value: 1
      objectReference: {fileID: 0}
    - target: {fileID: 4764117080811070, guid: aa4a329a8348a1546a0b186190f1c3b0, type: 2}
      propertyPath: m_RootOrder
      value: 1
      objectReference: {fileID: 0}
    - target: {fileID: 1675977109184738, guid: aa4a329a8348a1546a0b186190f1c3b0, type: 2}
      propertyPath: m_Name
      value: Box_LightActive (2)
      objectReference: {fileID: 0}
    m_RemovedComponents: []
  m_ParentPrefab: {fileID: 100100000, guid: aa4a329a8348a1546a0b186190f1c3b0, type: 2}
  m_IsPrefabParent: 0
--- !u!1001 &865642957
Prefab:
  m_ObjectHideFlags: 0
  serializedVersion: 2
  m_Modification:
    m_TransformParent: {fileID: 376174285}
    m_Modifications:
    - target: {fileID: 4707901521895790, guid: 2d391639fc528fc41912014952a18808, type: 2}
      propertyPath: m_LocalPosition.x
      value: -0.090519935
      objectReference: {fileID: 0}
    - target: {fileID: 4707901521895790, guid: 2d391639fc528fc41912014952a18808, type: 2}
      propertyPath: m_LocalPosition.y
      value: 0.35713518
      objectReference: {fileID: 0}
    - target: {fileID: 4707901521895790, guid: 2d391639fc528fc41912014952a18808, type: 2}
      propertyPath: m_LocalPosition.z
      value: 0
      objectReference: {fileID: 0}
    - target: {fileID: 4707901521895790, guid: 2d391639fc528fc41912014952a18808, type: 2}
      propertyPath: m_LocalRotation.x
      value: -0
      objectReference: {fileID: 0}
    - target: {fileID: 4707901521895790, guid: 2d391639fc528fc41912014952a18808, type: 2}
      propertyPath: m_LocalRotation.y
      value: -0
      objectReference: {fileID: 0}
    - target: {fileID: 4707901521895790, guid: 2d391639fc528fc41912014952a18808, type: 2}
      propertyPath: m_LocalRotation.z
      value: -0
      objectReference: {fileID: 0}
    - target: {fileID: 4707901521895790, guid: 2d391639fc528fc41912014952a18808, type: 2}
      propertyPath: m_LocalRotation.w
      value: 1
      objectReference: {fileID: 0}
    - target: {fileID: 4707901521895790, guid: 2d391639fc528fc41912014952a18808, type: 2}
      propertyPath: m_RootOrder
      value: 7
      objectReference: {fileID: 0}
    - target: {fileID: 114197127206211542, guid: 2d391639fc528fc41912014952a18808,
        type: 2}
      propertyPath: showCrossBox
      value: 0
      objectReference: {fileID: 0}
    m_RemovedComponents: []
  m_ParentPrefab: {fileID: 100100000, guid: 2d391639fc528fc41912014952a18808, type: 2}
  m_IsPrefabParent: 0
--- !u!1001 &866998616
Prefab:
  m_ObjectHideFlags: 0
  serializedVersion: 2
  m_Modification:
    m_TransformParent: {fileID: 376174285}
    m_Modifications:
    - target: {fileID: 4588701365252230, guid: 9efe80ade6fed384393835f40ab3d28f, type: 2}
      propertyPath: m_LocalPosition.x
      value: -2.034
      objectReference: {fileID: 0}
    - target: {fileID: 4588701365252230, guid: 9efe80ade6fed384393835f40ab3d28f, type: 2}
      propertyPath: m_LocalPosition.y
      value: 0.299
      objectReference: {fileID: 0}
    - target: {fileID: 4588701365252230, guid: 9efe80ade6fed384393835f40ab3d28f, type: 2}
      propertyPath: m_LocalPosition.z
      value: 0
      objectReference: {fileID: 0}
    - target: {fileID: 4588701365252230, guid: 9efe80ade6fed384393835f40ab3d28f, type: 2}
      propertyPath: m_LocalRotation.x
      value: -0
      objectReference: {fileID: 0}
    - target: {fileID: 4588701365252230, guid: 9efe80ade6fed384393835f40ab3d28f, type: 2}
      propertyPath: m_LocalRotation.y
      value: -0
      objectReference: {fileID: 0}
    - target: {fileID: 4588701365252230, guid: 9efe80ade6fed384393835f40ab3d28f, type: 2}
      propertyPath: m_LocalRotation.z
      value: 0.18763469
      objectReference: {fileID: 0}
    - target: {fileID: 4588701365252230, guid: 9efe80ade6fed384393835f40ab3d28f, type: 2}
      propertyPath: m_LocalRotation.w
      value: 0.9822389
      objectReference: {fileID: 0}
    - target: {fileID: 4588701365252230, guid: 9efe80ade6fed384393835f40ab3d28f, type: 2}
      propertyPath: m_RootOrder
      value: 10
      objectReference: {fileID: 0}
    - target: {fileID: 4588701365252230, guid: 9efe80ade6fed384393835f40ab3d28f, type: 2}
      propertyPath: m_LocalScale.x
      value: 1.9403036
      objectReference: {fileID: 0}
    - target: {fileID: 1925325423495300, guid: 9efe80ade6fed384393835f40ab3d28f, type: 2}
      propertyPath: m_Name
      value: Box_Static (3)
      objectReference: {fileID: 0}
    - target: {fileID: 4588701365252230, guid: 9efe80ade6fed384393835f40ab3d28f, type: 2}
      propertyPath: m_LocalScale.y
      value: 6.4999967
      objectReference: {fileID: 0}
    - target: {fileID: 4588701365252230, guid: 9efe80ade6fed384393835f40ab3d28f, type: 2}
      propertyPath: m_LocalEulerAnglesHint.z
      value: 21.630001
      objectReference: {fileID: 0}
    m_RemovedComponents: []
  m_ParentPrefab: {fileID: 100100000, guid: 9efe80ade6fed384393835f40ab3d28f, type: 2}
  m_IsPrefabParent: 0
--- !u!1001 &880831523
Prefab:
  m_ObjectHideFlags: 0
  serializedVersion: 2
  m_Modification:
    m_TransformParent: {fileID: 376174285}
    m_Modifications:
    - target: {fileID: 4764117080811070, guid: aa4a329a8348a1546a0b186190f1c3b0, type: 2}
      propertyPath: m_LocalPosition.x
      value: -1.856
      objectReference: {fileID: 0}
    - target: {fileID: 4764117080811070, guid: aa4a329a8348a1546a0b186190f1c3b0, type: 2}
      propertyPath: m_LocalPosition.y
      value: 1.6432476
      objectReference: {fileID: 0}
    - target: {fileID: 4764117080811070, guid: aa4a329a8348a1546a0b186190f1c3b0, type: 2}
      propertyPath: m_LocalPosition.z
      value: 0
      objectReference: {fileID: 0}
    - target: {fileID: 4764117080811070, guid: aa4a329a8348a1546a0b186190f1c3b0, type: 2}
      propertyPath: m_LocalRotation.x
      value: -0
      objectReference: {fileID: 0}
    - target: {fileID: 4764117080811070, guid: aa4a329a8348a1546a0b186190f1c3b0, type: 2}
      propertyPath: m_LocalRotation.y
      value: -0
      objectReference: {fileID: 0}
    - target: {fileID: 4764117080811070, guid: aa4a329a8348a1546a0b186190f1c3b0, type: 2}
      propertyPath: m_LocalRotation.z
      value: -0
      objectReference: {fileID: 0}
    - target: {fileID: 4764117080811070, guid: aa4a329a8348a1546a0b186190f1c3b0, type: 2}
      propertyPath: m_LocalRotation.w
      value: 1
      objectReference: {fileID: 0}
    - target: {fileID: 4764117080811070, guid: aa4a329a8348a1546a0b186190f1c3b0, type: 2}
      propertyPath: m_RootOrder
      value: 3
      objectReference: {fileID: 0}
    - target: {fileID: 4764117080811070, guid: aa4a329a8348a1546a0b186190f1c3b0, type: 2}
      propertyPath: m_LocalScale.x
      value: 3.3374987
      objectReference: {fileID: 0}
    m_RemovedComponents: []
  m_ParentPrefab: {fileID: 100100000, guid: aa4a329a8348a1546a0b186190f1c3b0, type: 2}
  m_IsPrefabParent: 0
--- !u!4 &913932454 stripped
Transform:
  m_PrefabParentObject: {fileID: 4212781433562694, guid: 4efd3bcd5cd9232498dd8da69c5aa6b6,
    type: 2}
  m_PrefabInternal: {fileID: 2121777398}
--- !u!1001 &916917189
Prefab:
  m_ObjectHideFlags: 0
  serializedVersion: 2
  m_Modification:
    m_TransformParent: {fileID: 376174285}
    m_Modifications:
    - target: {fileID: 4707901521895790, guid: 2d391639fc528fc41912014952a18808, type: 2}
      propertyPath: m_LocalPosition.x
      value: 0.465
      objectReference: {fileID: 0}
    - target: {fileID: 4707901521895790, guid: 2d391639fc528fc41912014952a18808, type: 2}
      propertyPath: m_LocalPosition.y
      value: 2.112
      objectReference: {fileID: 0}
    - target: {fileID: 4707901521895790, guid: 2d391639fc528fc41912014952a18808, type: 2}
      propertyPath: m_LocalPosition.z
      value: -2.7617693e-17
      objectReference: {fileID: 0}
    - target: {fileID: 4707901521895790, guid: 2d391639fc528fc41912014952a18808, type: 2}
      propertyPath: m_LocalRotation.x
      value: -0.012293433
      objectReference: {fileID: 0}
    - target: {fileID: 4707901521895790, guid: 2d391639fc528fc41912014952a18808, type: 2}
      propertyPath: m_LocalRotation.y
      value: 0.0010467457
      objectReference: {fileID: 0}
    - target: {fileID: 4707901521895790, guid: 2d391639fc528fc41912014952a18808, type: 2}
      propertyPath: m_LocalRotation.z
      value: 0.76699686
      objectReference: {fileID: 0}
    - target: {fileID: 4707901521895790, guid: 2d391639fc528fc41912014952a18808, type: 2}
      propertyPath: m_LocalRotation.w
      value: 0.6415323
      objectReference: {fileID: 0}
    - target: {fileID: 4707901521895790, guid: 2d391639fc528fc41912014952a18808, type: 2}
      propertyPath: m_RootOrder
      value: 11
      objectReference: {fileID: 0}
    - target: {fileID: 114197127206211542, guid: 2d391639fc528fc41912014952a18808,
        type: 2}
      propertyPath: showCrossBox
      value: 0
      objectReference: {fileID: 0}
    - target: {fileID: 1999538634866442, guid: 2d391639fc528fc41912014952a18808, type: 2}
      propertyPath: m_Name
      value: Box_DarkActive (2)
      objectReference: {fileID: 0}
    - target: {fileID: 4707901521895790, guid: 2d391639fc528fc41912014952a18808, type: 2}
      propertyPath: m_LocalScale.y
      value: 0.9489024
      objectReference: {fileID: 0}
    - target: {fileID: 4707901521895790, guid: 2d391639fc528fc41912014952a18808, type: 2}
      propertyPath: m_LocalEulerAnglesHint.z
      value: 100.189
      objectReference: {fileID: 0}
    - target: {fileID: 114422181768826270, guid: 2d391639fc528fc41912014952a18808,
        type: 2}
      propertyPath: jumpThrough
      value: 0
      objectReference: {fileID: 0}
    - target: {fileID: 4707901521895790, guid: 2d391639fc528fc41912014952a18808, type: 2}
      propertyPath: m_LocalScale.x
      value: 4.6725636
      objectReference: {fileID: 0}
    - target: {fileID: 4707901521895790, guid: 2d391639fc528fc41912014952a18808, type: 2}
      propertyPath: m_LocalEulerAnglesHint.x
      value: -0.99600005
      objectReference: {fileID: 0}
    - target: {fileID: 4707901521895790, guid: 2d391639fc528fc41912014952a18808, type: 2}
      propertyPath: m_LocalEulerAnglesHint.y
      value: -1.0040001
      objectReference: {fileID: 0}
    m_RemovedComponents: []
  m_ParentPrefab: {fileID: 100100000, guid: 2d391639fc528fc41912014952a18808, type: 2}
  m_IsPrefabParent: 0
--- !u!1001 &1030728890
Prefab:
  m_ObjectHideFlags: 0
  serializedVersion: 2
  m_Modification:
    m_TransformParent: {fileID: 376174285}
    m_Modifications:
    - target: {fileID: 4707901521895790, guid: 2d391639fc528fc41912014952a18808, type: 2}
      propertyPath: m_LocalPosition.x
      value: 1.254
      objectReference: {fileID: 0}
    - target: {fileID: 4707901521895790, guid: 2d391639fc528fc41912014952a18808, type: 2}
      propertyPath: m_LocalPosition.y
      value: 2.437
      objectReference: {fileID: 0}
    - target: {fileID: 4707901521895790, guid: 2d391639fc528fc41912014952a18808, type: 2}
      propertyPath: m_LocalPosition.z
      value: 0
      objectReference: {fileID: 0}
    - target: {fileID: 4707901521895790, guid: 2d391639fc528fc41912014952a18808, type: 2}
      propertyPath: m_LocalRotation.x
      value: -0
      objectReference: {fileID: 0}
    - target: {fileID: 4707901521895790, guid: 2d391639fc528fc41912014952a18808, type: 2}
      propertyPath: m_LocalRotation.y
      value: -0
      objectReference: {fileID: 0}
    - target: {fileID: 4707901521895790, guid: 2d391639fc528fc41912014952a18808, type: 2}
      propertyPath: m_LocalRotation.z
      value: 0.23389013
      objectReference: {fileID: 0}
    - target: {fileID: 4707901521895790, guid: 2d391639fc528fc41912014952a18808, type: 2}
      propertyPath: m_LocalRotation.w
      value: 0.97226304
      objectReference: {fileID: 0}
    - target: {fileID: 4707901521895790, guid: 2d391639fc528fc41912014952a18808, type: 2}
      propertyPath: m_RootOrder
      value: 18
      objectReference: {fileID: 0}
    - target: {fileID: 114197127206211542, guid: 2d391639fc528fc41912014952a18808,
        type: 2}
      propertyPath: showCrossBox
      value: 0
      objectReference: {fileID: 0}
    - target: {fileID: 1999538634866442, guid: 2d391639fc528fc41912014952a18808, type: 2}
      propertyPath: m_Name
      value: Box_DarkActive (9)
      objectReference: {fileID: 0}
    - target: {fileID: 4707901521895790, guid: 2d391639fc528fc41912014952a18808, type: 2}
      propertyPath: m_LocalScale.y
      value: 1.3069476
      objectReference: {fileID: 0}
    - target: {fileID: 4707901521895790, guid: 2d391639fc528fc41912014952a18808, type: 2}
      propertyPath: m_LocalEulerAnglesHint.z
      value: 27.052002
      objectReference: {fileID: 0}
    - target: {fileID: 4707901521895790, guid: 2d391639fc528fc41912014952a18808, type: 2}
      propertyPath: m_LocalScale.x
      value: 3.9027631
      objectReference: {fileID: 0}
    - target: {fileID: 114422181768826270, guid: 2d391639fc528fc41912014952a18808,
        type: 2}
      propertyPath: jumpThrough
      value: 0
      objectReference: {fileID: 0}
    m_RemovedComponents: []
  m_ParentPrefab: {fileID: 100100000, guid: 2d391639fc528fc41912014952a18808, type: 2}
  m_IsPrefabParent: 0
--- !u!4 &1051174466 stripped
Transform:
  m_PrefabParentObject: {fileID: 4707901521895790, guid: 2d391639fc528fc41912014952a18808,
    type: 2}
  m_PrefabInternal: {fileID: 1318412513}
--- !u!1 &1059070128 stripped
GameObject:
  m_PrefabParentObject: {fileID: 1793770549147480, guid: 4efd3bcd5cd9232498dd8da69c5aa6b6,
    type: 2}
  m_PrefabInternal: {fileID: 2121777398}
--- !u!114 &1059070133
MonoBehaviour:
  m_ObjectHideFlags: 0
  m_PrefabParentObject: {fileID: 0}
  m_PrefabInternal: {fileID: 0}
  m_GameObject: {fileID: 1059070128}
  m_Enabled: 1
  m_EditorHideFlags: 0
  m_Script: {fileID: 11500000, guid: 5832315bf3f54f84db7ca0c41fe6ffe5, type: 3}
  m_Name: 
  m_EditorClassIdentifier: 
  showCrossBox: 0
  showRulers: 0
--- !u!1001 &1099423543
Prefab:
  m_ObjectHideFlags: 0
  serializedVersion: 2
  m_Modification:
    m_TransformParent: {fileID: 376174285}
    m_Modifications:
    - target: {fileID: 4707901521895790, guid: 2d391639fc528fc41912014952a18808, type: 2}
      propertyPath: m_LocalPosition.x
      value: 0.846
      objectReference: {fileID: 0}
    - target: {fileID: 4707901521895790, guid: 2d391639fc528fc41912014952a18808, type: 2}
      propertyPath: m_LocalPosition.y
      value: 1.662
      objectReference: {fileID: 0}
    - target: {fileID: 4707901521895790, guid: 2d391639fc528fc41912014952a18808, type: 2}
      propertyPath: m_LocalPosition.z
      value: 0
      objectReference: {fileID: 0}
    - target: {fileID: 4707901521895790, guid: 2d391639fc528fc41912014952a18808, type: 2}
      propertyPath: m_LocalRotation.x
      value: -0
      objectReference: {fileID: 0}
    - target: {fileID: 4707901521895790, guid: 2d391639fc528fc41912014952a18808, type: 2}
      propertyPath: m_LocalRotation.y
      value: -0
      objectReference: {fileID: 0}
    - target: {fileID: 4707901521895790, guid: 2d391639fc528fc41912014952a18808, type: 2}
      propertyPath: m_LocalRotation.z
      value: -0
      objectReference: {fileID: 0}
    - target: {fileID: 4707901521895790, guid: 2d391639fc528fc41912014952a18808, type: 2}
      propertyPath: m_LocalRotation.w
      value: 1
      objectReference: {fileID: 0}
    - target: {fileID: 4707901521895790, guid: 2d391639fc528fc41912014952a18808, type: 2}
      propertyPath: m_RootOrder
      value: 15
      objectReference: {fileID: 0}
    - target: {fileID: 1999538634866442, guid: 2d391639fc528fc41912014952a18808, type: 2}
      propertyPath: m_Name
      value: Box_DarkActive (6)
      objectReference: {fileID: 0}
    m_RemovedComponents:
    - {fileID: 114197127206211542, guid: 2d391639fc528fc41912014952a18808, type: 2}
  m_ParentPrefab: {fileID: 100100000, guid: 2d391639fc528fc41912014952a18808, type: 2}
  m_IsPrefabParent: 0
--- !u!4 &1139554547 stripped
Transform:
  m_PrefabParentObject: {fileID: 4707901521895790, guid: 2d391639fc528fc41912014952a18808,
    type: 2}
  m_PrefabInternal: {fileID: 807604533}
--- !u!1001 &1191458058
Prefab:
  m_ObjectHideFlags: 0
  serializedVersion: 2
  m_Modification:
    m_TransformParent: {fileID: 0}
    m_Modifications:
    - target: {fileID: 4095532663685748, guid: 1f1387639d35df746af16e8a54812522, type: 2}
      propertyPath: m_LocalPosition.x
      value: 2.209242
      objectReference: {fileID: 0}
    - target: {fileID: 4095532663685748, guid: 1f1387639d35df746af16e8a54812522, type: 2}
      propertyPath: m_LocalPosition.y
      value: 3.444449
      objectReference: {fileID: 0}
    - target: {fileID: 4095532663685748, guid: 1f1387639d35df746af16e8a54812522, type: 2}
      propertyPath: m_LocalPosition.z
      value: -1.7610788
      objectReference: {fileID: 0}
    - target: {fileID: 4095532663685748, guid: 1f1387639d35df746af16e8a54812522, type: 2}
      propertyPath: m_LocalRotation.x
      value: -0
      objectReference: {fileID: 0}
    - target: {fileID: 4095532663685748, guid: 1f1387639d35df746af16e8a54812522, type: 2}
      propertyPath: m_LocalRotation.y
      value: -0
      objectReference: {fileID: 0}
    - target: {fileID: 4095532663685748, guid: 1f1387639d35df746af16e8a54812522, type: 2}
      propertyPath: m_LocalRotation.z
      value: -0
      objectReference: {fileID: 0}
    - target: {fileID: 4095532663685748, guid: 1f1387639d35df746af16e8a54812522, type: 2}
      propertyPath: m_LocalRotation.w
      value: 1
      objectReference: {fileID: 0}
    - target: {fileID: 4095532663685748, guid: 1f1387639d35df746af16e8a54812522, type: 2}
      propertyPath: m_RootOrder
      value: 1
      objectReference: {fileID: 0}
    - target: {fileID: 1241846707824690, guid: 1f1387639d35df746af16e8a54812522, type: 2}
      propertyPath: m_Name
      value: Shadow_Hunter (1)
      objectReference: {fileID: 0}
    m_RemovedComponents: []
  m_ParentPrefab: {fileID: 100100000, guid: 1f1387639d35df746af16e8a54812522, type: 2}
  m_IsPrefabParent: 0
--- !u!1001 &1209369468
Prefab:
  m_ObjectHideFlags: 0
  serializedVersion: 2
  m_Modification:
    m_TransformParent: {fileID: 0}
    m_Modifications:
    - target: {fileID: 4095532663685748, guid: 1f1387639d35df746af16e8a54812522, type: 2}
      propertyPath: m_LocalPosition.x
      value: -0.9411006
      objectReference: {fileID: 0}
    - target: {fileID: 4095532663685748, guid: 1f1387639d35df746af16e8a54812522, type: 2}
      propertyPath: m_LocalPosition.y
      value: 2.0336213
      objectReference: {fileID: 0}
    - target: {fileID: 4095532663685748, guid: 1f1387639d35df746af16e8a54812522, type: 2}
      propertyPath: m_LocalPosition.z
      value: -1.7610788
      objectReference: {fileID: 0}
    - target: {fileID: 4095532663685748, guid: 1f1387639d35df746af16e8a54812522, type: 2}
      propertyPath: m_LocalRotation.x
      value: -0
      objectReference: {fileID: 0}
    - target: {fileID: 4095532663685748, guid: 1f1387639d35df746af16e8a54812522, type: 2}
      propertyPath: m_LocalRotation.y
      value: -0
      objectReference: {fileID: 0}
    - target: {fileID: 4095532663685748, guid: 1f1387639d35df746af16e8a54812522, type: 2}
      propertyPath: m_LocalRotation.z
      value: -0
      objectReference: {fileID: 0}
    - target: {fileID: 4095532663685748, guid: 1f1387639d35df746af16e8a54812522, type: 2}
      propertyPath: m_LocalRotation.w
      value: 1
      objectReference: {fileID: 0}
    - target: {fileID: 4095532663685748, guid: 1f1387639d35df746af16e8a54812522, type: 2}
      propertyPath: m_RootOrder
      value: 2
      objectReference: {fileID: 0}
    m_RemovedComponents: []
  m_ParentPrefab: {fileID: 100100000, guid: 1f1387639d35df746af16e8a54812522, type: 2}
  m_IsPrefabParent: 0
--- !u!1001 &1213027944
Prefab:
  m_ObjectHideFlags: 0
  serializedVersion: 2
  m_Modification:
    m_TransformParent: {fileID: 376174285}
    m_Modifications:
    - target: {fileID: 4588701365252230, guid: 9efe80ade6fed384393835f40ab3d28f, type: 2}
      propertyPath: m_LocalPosition.x
      value: -0.288
      objectReference: {fileID: 0}
    - target: {fileID: 4588701365252230, guid: 9efe80ade6fed384393835f40ab3d28f, type: 2}
      propertyPath: m_LocalPosition.y
      value: 0.005
      objectReference: {fileID: 0}
    - target: {fileID: 4588701365252230, guid: 9efe80ade6fed384393835f40ab3d28f, type: 2}
      propertyPath: m_LocalPosition.z
      value: 0
      objectReference: {fileID: 0}
    - target: {fileID: 4588701365252230, guid: 9efe80ade6fed384393835f40ab3d28f, type: 2}
      propertyPath: m_LocalRotation.x
      value: -0
      objectReference: {fileID: 0}
    - target: {fileID: 4588701365252230, guid: 9efe80ade6fed384393835f40ab3d28f, type: 2}
      propertyPath: m_LocalRotation.y
      value: -0
      objectReference: {fileID: 0}
    - target: {fileID: 4588701365252230, guid: 9efe80ade6fed384393835f40ab3d28f, type: 2}
      propertyPath: m_LocalRotation.z
      value: -0
      objectReference: {fileID: 0}
    - target: {fileID: 4588701365252230, guid: 9efe80ade6fed384393835f40ab3d28f, type: 2}
      propertyPath: m_LocalRotation.w
      value: 1
      objectReference: {fileID: 0}
    - target: {fileID: 4588701365252230, guid: 9efe80ade6fed384393835f40ab3d28f, type: 2}
      propertyPath: m_RootOrder
      value: 4
      objectReference: {fileID: 0}
    - target: {fileID: 4588701365252230, guid: 9efe80ade6fed384393835f40ab3d28f, type: 2}
      propertyPath: m_LocalScale.x
      value: 26.194014
      objectReference: {fileID: 0}
    - target: {fileID: 1925325423495300, guid: 9efe80ade6fed384393835f40ab3d28f, type: 2}
      propertyPath: m_Layer
      value: 10
      objectReference: {fileID: 0}
    m_RemovedComponents: []
  m_ParentPrefab: {fileID: 100100000, guid: 9efe80ade6fed384393835f40ab3d28f, type: 2}
  m_IsPrefabParent: 0
--- !u!1001 &1226200927
Prefab:
  m_ObjectHideFlags: 0
  serializedVersion: 2
  m_Modification:
    m_TransformParent: {fileID: 376174285}
    m_Modifications:
    - target: {fileID: 4588701365252230, guid: 9efe80ade6fed384393835f40ab3d28f, type: 2}
      propertyPath: m_LocalPosition.x
      value: 4.72
      objectReference: {fileID: 0}
    - target: {fileID: 4588701365252230, guid: 9efe80ade6fed384393835f40ab3d28f, type: 2}
      propertyPath: m_LocalPosition.y
      value: 2.185
      objectReference: {fileID: 0}
    - target: {fileID: 4588701365252230, guid: 9efe80ade6fed384393835f40ab3d28f, type: 2}
      propertyPath: m_LocalPosition.z
      value: 0
      objectReference: {fileID: 0}
    - target: {fileID: 4588701365252230, guid: 9efe80ade6fed384393835f40ab3d28f, type: 2}
      propertyPath: m_LocalRotation.x
      value: 0
      objectReference: {fileID: 0}
    - target: {fileID: 4588701365252230, guid: 9efe80ade6fed384393835f40ab3d28f, type: 2}
      propertyPath: m_LocalRotation.y
      value: 0
      objectReference: {fileID: 0}
    - target: {fileID: 4588701365252230, guid: 9efe80ade6fed384393835f40ab3d28f, type: 2}
      propertyPath: m_LocalRotation.z
      value: 0.38268343
      objectReference: {fileID: 0}
    - target: {fileID: 4588701365252230, guid: 9efe80ade6fed384393835f40ab3d28f, type: 2}
      propertyPath: m_LocalRotation.w
      value: 0.92387956
      objectReference: {fileID: 0}
    - target: {fileID: 4588701365252230, guid: 9efe80ade6fed384393835f40ab3d28f, type: 2}
      propertyPath: m_RootOrder
      value: 9
      objectReference: {fileID: 0}
    - target: {fileID: 1925325423495300, guid: 9efe80ade6fed384393835f40ab3d28f, type: 2}
      propertyPath: m_Name
      value: Box_Static (2)
      objectReference: {fileID: 0}
    - target: {fileID: 4588701365252230, guid: 9efe80ade6fed384393835f40ab3d28f, type: 2}
      propertyPath: m_LocalScale.x
      value: 20.901093
      objectReference: {fileID: 0}
    - target: {fileID: 4588701365252230, guid: 9efe80ade6fed384393835f40ab3d28f, type: 2}
      propertyPath: m_LocalEulerAnglesHint.z
      value: 45
      objectReference: {fileID: 0}
    m_RemovedComponents: []
  m_ParentPrefab: {fileID: 100100000, guid: 9efe80ade6fed384393835f40ab3d28f, type: 2}
  m_IsPrefabParent: 0
--- !u!4 &1271693003 stripped
Transform:
  m_PrefabParentObject: {fileID: 4588701365252230, guid: 9efe80ade6fed384393835f40ab3d28f,
    type: 2}
  m_PrefabInternal: {fileID: 1903521214}
--- !u!1001 &1318412513
Prefab:
  m_ObjectHideFlags: 0
  serializedVersion: 2
  m_Modification:
    m_TransformParent: {fileID: 376174285}
    m_Modifications:
    - target: {fileID: 4707901521895790, guid: 2d391639fc528fc41912014952a18808, type: 2}
      propertyPath: m_LocalPosition.x
      value: 0.703
      objectReference: {fileID: 0}
    - target: {fileID: 4707901521895790, guid: 2d391639fc528fc41912014952a18808, type: 2}
      propertyPath: m_LocalPosition.y
      value: 2.287
      objectReference: {fileID: 0}
    - target: {fileID: 4707901521895790, guid: 2d391639fc528fc41912014952a18808, type: 2}
      propertyPath: m_LocalPosition.z
      value: 0
      objectReference: {fileID: 0}
    - target: {fileID: 4707901521895790, guid: 2d391639fc528fc41912014952a18808, type: 2}
      propertyPath: m_LocalRotation.x
      value: -0
      objectReference: {fileID: 0}
    - target: {fileID: 4707901521895790, guid: 2d391639fc528fc41912014952a18808, type: 2}
      propertyPath: m_LocalRotation.y
      value: -0
      objectReference: {fileID: 0}
    - target: {fileID: 4707901521895790, guid: 2d391639fc528fc41912014952a18808, type: 2}
      propertyPath: m_LocalRotation.z
      value: 0.21317287
      objectReference: {fileID: 0}
    - target: {fileID: 4707901521895790, guid: 2d391639fc528fc41912014952a18808, type: 2}
      propertyPath: m_LocalRotation.w
      value: 0.97701454
      objectReference: {fileID: 0}
    - target: {fileID: 4707901521895790, guid: 2d391639fc528fc41912014952a18808, type: 2}
      propertyPath: m_RootOrder
      value: 16
      objectReference: {fileID: 0}
    - target: {fileID: 114197127206211542, guid: 2d391639fc528fc41912014952a18808,
        type: 2}
      propertyPath: showCrossBox
      value: 0
      objectReference: {fileID: 0}
    - target: {fileID: 1999538634866442, guid: 2d391639fc528fc41912014952a18808, type: 2}
      propertyPath: m_Name
      value: Box_DarkActive (7)
      objectReference: {fileID: 0}
    - target: {fileID: 4707901521895790, guid: 2d391639fc528fc41912014952a18808, type: 2}
      propertyPath: m_LocalScale.y
      value: 0.96142817
      objectReference: {fileID: 0}
    - target: {fileID: 4707901521895790, guid: 2d391639fc528fc41912014952a18808, type: 2}
      propertyPath: m_LocalEulerAnglesHint.z
      value: 24.617
      objectReference: {fileID: 0}
    - target: {fileID: 4707901521895790, guid: 2d391639fc528fc41912014952a18808, type: 2}
      propertyPath: m_LocalScale.x
      value: 3.8444462
      objectReference: {fileID: 0}
    - target: {fileID: 114422181768826270, guid: 2d391639fc528fc41912014952a18808,
        type: 2}
      propertyPath: jumpThrough
      value: 0
      objectReference: {fileID: 0}
    m_RemovedComponents: []
  m_ParentPrefab: {fileID: 100100000, guid: 2d391639fc528fc41912014952a18808, type: 2}
  m_IsPrefabParent: 0
--- !u!1001 &1352477639
Prefab:
  m_ObjectHideFlags: 0
  serializedVersion: 2
  m_Modification:
    m_TransformParent: {fileID: 376174285}
    m_Modifications:
    - target: {fileID: 4588701365252230, guid: 9efe80ade6fed384393835f40ab3d28f, type: 2}
      propertyPath: m_LocalPosition.x
      value: 2.563
      objectReference: {fileID: 0}
    - target: {fileID: 4588701365252230, guid: 9efe80ade6fed384393835f40ab3d28f, type: 2}
      propertyPath: m_LocalPosition.y
      value: 0.612
      objectReference: {fileID: 0}
    - target: {fileID: 4588701365252230, guid: 9efe80ade6fed384393835f40ab3d28f, type: 2}
      propertyPath: m_LocalPosition.z
      value: 0
      objectReference: {fileID: 0}
    - target: {fileID: 4588701365252230, guid: 9efe80ade6fed384393835f40ab3d28f, type: 2}
      propertyPath: m_LocalRotation.x
      value: -0
      objectReference: {fileID: 0}
    - target: {fileID: 4588701365252230, guid: 9efe80ade6fed384393835f40ab3d28f, type: 2}
      propertyPath: m_LocalRotation.y
      value: -0
      objectReference: {fileID: 0}
    - target: {fileID: 4588701365252230, guid: 9efe80ade6fed384393835f40ab3d28f, type: 2}
      propertyPath: m_LocalRotation.z
      value: 0.2361982
      objectReference: {fileID: 0}
    - target: {fileID: 4588701365252230, guid: 9efe80ade6fed384393835f40ab3d28f, type: 2}
      propertyPath: m_LocalRotation.w
      value: 0.97170496
      objectReference: {fileID: 0}
    - target: {fileID: 4588701365252230, guid: 9efe80ade6fed384393835f40ab3d28f, type: 2}
      propertyPath: m_RootOrder
      value: 8
      objectReference: {fileID: 0}
    - target: {fileID: 1925325423495300, guid: 9efe80ade6fed384393835f40ab3d28f, type: 2}
      propertyPath: m_Name
      value: Box_Static (1)
      objectReference: {fileID: 0}
    - target: {fileID: 4588701365252230, guid: 9efe80ade6fed384393835f40ab3d28f, type: 2}
      propertyPath: m_LocalScale.x
      value: 20.901093
      objectReference: {fileID: 0}
    - target: {fileID: 4588701365252230, guid: 9efe80ade6fed384393835f40ab3d28f, type: 2}
      propertyPath: m_LocalEulerAnglesHint.z
      value: 27.325
      objectReference: {fileID: 0}
    m_RemovedComponents: []
  m_ParentPrefab: {fileID: 100100000, guid: 9efe80ade6fed384393835f40ab3d28f, type: 2}
  m_IsPrefabParent: 0
--- !u!1 &1507651220 stripped
GameObject:
  m_PrefabParentObject: {fileID: 1999538634866442, guid: 2d391639fc528fc41912014952a18808,
    type: 2}
  m_PrefabInternal: {fileID: 719761087}
--- !u!4 &1507651221 stripped
Transform:
  m_PrefabParentObject: {fileID: 4707901521895790, guid: 2d391639fc528fc41912014952a18808,
    type: 2}
  m_PrefabInternal: {fileID: 719761087}
--- !u!114 &1507651222
MonoBehaviour:
  m_ObjectHideFlags: 0
  m_PrefabParentObject: {fileID: 0}
  m_PrefabInternal: {fileID: 0}
  m_GameObject: {fileID: 1507651220}
  m_Enabled: 1
  m_EditorHideFlags: 0
  m_Script: {fileID: 11500000, guid: 5832315bf3f54f84db7ca0c41fe6ffe5, type: 3}
  m_Name: 
  m_EditorClassIdentifier: 
  showCrossBox: 0
  showRulers: 0
--- !u!4 &1532954417 stripped
Transform:
  m_PrefabParentObject: {fileID: 4363903890192540, guid: eb0752e6e1089a548be8e893d2f396e9,
    type: 2}
  m_PrefabInternal: {fileID: 1731942879}
--- !u!4 &1626367760 stripped
Transform:
  m_PrefabParentObject: {fileID: 4707901521895790, guid: 2d391639fc528fc41912014952a18808,
    type: 2}
  m_PrefabInternal: {fileID: 497254460}
--- !u!4 &1641265486 stripped
Transform:
  m_PrefabParentObject: {fileID: 4707901521895790, guid: 2d391639fc528fc41912014952a18808,
    type: 2}
  m_PrefabInternal: {fileID: 916917189}
--- !u!4 &1689930715 stripped
Transform:
  m_PrefabParentObject: {fileID: 4588701365252230, guid: 9efe80ade6fed384393835f40ab3d28f,
    type: 2}
  m_PrefabInternal: {fileID: 1213027944}
--- !u!1001 &1731942879
Prefab:
  m_ObjectHideFlags: 0
  serializedVersion: 2
  m_Modification:
    m_TransformParent: {fileID: 516275459}
    m_Modifications:
    - target: {fileID: 4363903890192540, guid: eb0752e6e1089a548be8e893d2f396e9, type: 2}
      propertyPath: m_LocalPosition.x
      value: -3.852
      objectReference: {fileID: 0}
    - target: {fileID: 4363903890192540, guid: eb0752e6e1089a548be8e893d2f396e9, type: 2}
      propertyPath: m_LocalPosition.y
      value: 3.933
      objectReference: {fileID: 0}
    - target: {fileID: 4363903890192540, guid: eb0752e6e1089a548be8e893d2f396e9, type: 2}
      propertyPath: m_LocalPosition.z
      value: 0
      objectReference: {fileID: 0}
    - target: {fileID: 4363903890192540, guid: eb0752e6e1089a548be8e893d2f396e9, type: 2}
      propertyPath: m_LocalRotation.x
      value: -0
      objectReference: {fileID: 0}
    - target: {fileID: 4363903890192540, guid: eb0752e6e1089a548be8e893d2f396e9, type: 2}
      propertyPath: m_LocalRotation.y
      value: -0
      objectReference: {fileID: 0}
    - target: {fileID: 4363903890192540, guid: eb0752e6e1089a548be8e893d2f396e9, type: 2}
      propertyPath: m_LocalRotation.z
      value: -0
      objectReference: {fileID: 0}
    - target: {fileID: 4363903890192540, guid: eb0752e6e1089a548be8e893d2f396e9, type: 2}
      propertyPath: m_LocalRotation.w
      value: 1
      objectReference: {fileID: 0}
    - target: {fileID: 4363903890192540, guid: eb0752e6e1089a548be8e893d2f396e9, type: 2}
      propertyPath: m_RootOrder
      value: 2
      objectReference: {fileID: 0}
    - target: {fileID: 1167912209364430, guid: eb0752e6e1089a548be8e893d2f396e9, type: 2}
      propertyPath: m_Layer
      value: 14
      objectReference: {fileID: 0}
    - target: {fileID: 1167912209364430, guid: eb0752e6e1089a548be8e893d2f396e9, type: 2}
      propertyPath: m_IsActive
      value: 1
      objectReference: {fileID: 0}
    - target: {fileID: 114318296738619358, guid: eb0752e6e1089a548be8e893d2f396e9,
        type: 2}
      propertyPath: rayCastLayerMask.m_Bits
      value: 256
      objectReference: {fileID: 0}
    - target: {fileID: 114318296738619358, guid: eb0752e6e1089a548be8e893d2f396e9,
        type: 2}
      propertyPath: fieldOfView
      value: 70
      objectReference: {fileID: 0}
    - target: {fileID: 114318296738619358, guid: eb0752e6e1089a548be8e893d2f396e9,
        type: 2}
      propertyPath: layerMask1.m_Bits
      value: 256
      objectReference: {fileID: 0}
    - target: {fileID: 114318296738619358, guid: eb0752e6e1089a548be8e893d2f396e9,
        type: 2}
      propertyPath: layerMask2.m_Bits
      value: 1024
      objectReference: {fileID: 0}
    m_RemovedComponents: []
  m_ParentPrefab: {fileID: 100100000, guid: eb0752e6e1089a548be8e893d2f396e9, type: 2}
  m_IsPrefabParent: 0
--- !u!1001 &1745709908
Prefab:
  m_ObjectHideFlags: 0
  serializedVersion: 2
  m_Modification:
    m_TransformParent: {fileID: 376174285}
    m_Modifications:
    - target: {fileID: 4588701365252230, guid: 9efe80ade6fed384393835f40ab3d28f, type: 2}
      propertyPath: m_LocalPosition.x
      value: -0.846
      objectReference: {fileID: 0}
    - target: {fileID: 4588701365252230, guid: 9efe80ade6fed384393835f40ab3d28f, type: 2}
      propertyPath: m_LocalPosition.y
      value: 3.138
      objectReference: {fileID: 0}
    - target: {fileID: 4588701365252230, guid: 9efe80ade6fed384393835f40ab3d28f, type: 2}
      propertyPath: m_LocalPosition.z
      value: 0
      objectReference: {fileID: 0}
    - target: {fileID: 4588701365252230, guid: 9efe80ade6fed384393835f40ab3d28f, type: 2}
      propertyPath: m_LocalRotation.x
      value: -0
      objectReference: {fileID: 0}
    - target: {fileID: 4588701365252230, guid: 9efe80ade6fed384393835f40ab3d28f, type: 2}
      propertyPath: m_LocalRotation.y
      value: -0
      objectReference: {fileID: 0}
    - target: {fileID: 4588701365252230, guid: 9efe80ade6fed384393835f40ab3d28f, type: 2}
      propertyPath: m_LocalRotation.z
      value: -0.024301898
      objectReference: {fileID: 0}
    - target: {fileID: 4588701365252230, guid: 9efe80ade6fed384393835f40ab3d28f, type: 2}
      propertyPath: m_LocalRotation.w
      value: 0.9997047
      objectReference: {fileID: 0}
    - target: {fileID: 4588701365252230, guid: 9efe80ade6fed384393835f40ab3d28f, type: 2}
      propertyPath: m_RootOrder
      value: 19
      objectReference: {fileID: 0}
    - target: {fileID: 4588701365252230, guid: 9efe80ade6fed384393835f40ab3d28f, type: 2}
      propertyPath: m_LocalScale.x
      value: 18.018057
      objectReference: {fileID: 0}
    - target: {fileID: 1925325423495300, guid: 9efe80ade6fed384393835f40ab3d28f, type: 2}
      propertyPath: m_Name
      value: Box_Static (4)
      objectReference: {fileID: 0}
    - target: {fileID: 1925325423495300, guid: 9efe80ade6fed384393835f40ab3d28f, type: 2}
      propertyPath: m_Layer
      value: 8
      objectReference: {fileID: 0}
    - target: {fileID: 4588701365252230, guid: 9efe80ade6fed384393835f40ab3d28f, type: 2}
      propertyPath: m_LocalEulerAnglesHint.z
      value: -2.785
      objectReference: {fileID: 0}
    m_RemovedComponents: []
  m_ParentPrefab: {fileID: 100100000, guid: 9efe80ade6fed384393835f40ab3d28f, type: 2}
  m_IsPrefabParent: 0
--- !u!4 &1751487672 stripped
Transform:
  m_PrefabParentObject: {fileID: 4707901521895790, guid: 2d391639fc528fc41912014952a18808,
    type: 2}
  m_PrefabInternal: {fileID: 314788807}
--- !u!1001 &1752489196
Prefab:
  m_ObjectHideFlags: 0
  serializedVersion: 2
  m_Modification:
    m_TransformParent: {fileID: 0}
    m_Modifications:
    - target: {fileID: 4396369077289466, guid: e21daae35531b1b4ea5b41aff8154b9b, type: 2}
      propertyPath: m_LocalPosition.x
      value: -0.10873188
      objectReference: {fileID: 0}
    - target: {fileID: 4396369077289466, guid: e21daae35531b1b4ea5b41aff8154b9b, type: 2}
      propertyPath: m_LocalPosition.y
      value: 0.6519623
      objectReference: {fileID: 0}
    - target: {fileID: 4396369077289466, guid: e21daae35531b1b4ea5b41aff8154b9b, type: 2}
      propertyPath: m_LocalPosition.z
      value: -10
      objectReference: {fileID: 0}
    - target: {fileID: 4396369077289466, guid: e21daae35531b1b4ea5b41aff8154b9b, type: 2}
      propertyPath: m_LocalRotation.x
      value: 0
      objectReference: {fileID: 0}
    - target: {fileID: 4396369077289466, guid: e21daae35531b1b4ea5b41aff8154b9b, type: 2}
      propertyPath: m_LocalRotation.y
      value: 0
      objectReference: {fileID: 0}
    - target: {fileID: 4396369077289466, guid: e21daae35531b1b4ea5b41aff8154b9b, type: 2}
      propertyPath: m_LocalRotation.z
      value: 0
      objectReference: {fileID: 0}
    - target: {fileID: 4396369077289466, guid: e21daae35531b1b4ea5b41aff8154b9b, type: 2}
      propertyPath: m_LocalRotation.w
      value: 1
      objectReference: {fileID: 0}
    - target: {fileID: 4396369077289466, guid: e21daae35531b1b4ea5b41aff8154b9b, type: 2}
      propertyPath: m_RootOrder
      value: 3
      objectReference: {fileID: 0}
    - target: {fileID: 20528262916339656, guid: e21daae35531b1b4ea5b41aff8154b9b,
        type: 2}
      propertyPath: orthographic size
      value: 2
      objectReference: {fileID: 0}
    - target: {fileID: 4488044053236992, guid: e21daae35531b1b4ea5b41aff8154b9b, type: 2}
      propertyPath: m_LocalPosition.z
      value: 20
      objectReference: {fileID: 0}
    - target: {fileID: 4488044053236992, guid: e21daae35531b1b4ea5b41aff8154b9b, type: 2}
      propertyPath: m_LocalPosition.x
      value: -0.056
      objectReference: {fileID: 0}
    - target: {fileID: 4488044053236992, guid: e21daae35531b1b4ea5b41aff8154b9b, type: 2}
      propertyPath: m_LocalPosition.y
      value: 0.088
      objectReference: {fileID: 0}
    - target: {fileID: 4488044053236992, guid: e21daae35531b1b4ea5b41aff8154b9b, type: 2}
      propertyPath: m_LocalScale.x
      value: 0.41396052
      objectReference: {fileID: 0}
    - target: {fileID: 4488044053236992, guid: e21daae35531b1b4ea5b41aff8154b9b, type: 2}
      propertyPath: m_LocalScale.y
      value: 0.41396052
      objectReference: {fileID: 0}
    - target: {fileID: 4488044053236992, guid: e21daae35531b1b4ea5b41aff8154b9b, type: 2}
      propertyPath: m_LocalScale.z
      value: 0.41396052
      objectReference: {fileID: 0}
    - target: {fileID: 1804041601650340, guid: e21daae35531b1b4ea5b41aff8154b9b, type: 2}
      propertyPath: m_IsActive
      value: 0
      objectReference: {fileID: 0}
    - target: {fileID: 1464024646258236, guid: e21daae35531b1b4ea5b41aff8154b9b, type: 2}
      propertyPath: m_IsActive
      value: 0
      objectReference: {fileID: 0}
    m_RemovedComponents: []
  m_ParentPrefab: {fileID: 100100000, guid: e21daae35531b1b4ea5b41aff8154b9b, type: 2}
  m_IsPrefabParent: 0
--- !u!1001 &1798512208
Prefab:
  m_ObjectHideFlags: 0
  serializedVersion: 2
  m_Modification:
    m_TransformParent: {fileID: 0}
    m_Modifications:
    - target: {fileID: 4285351660068288, guid: edbe0975f6780514eb7823dd64cd4edf, type: 2}
      propertyPath: m_LocalPosition.x
      value: 0.037315905
      objectReference: {fileID: 0}
    - target: {fileID: 4285351660068288, guid: edbe0975f6780514eb7823dd64cd4edf, type: 2}
      propertyPath: m_LocalPosition.y
      value: -0.20345989
      objectReference: {fileID: 0}
    - target: {fileID: 4285351660068288, guid: edbe0975f6780514eb7823dd64cd4edf, type: 2}
      propertyPath: m_LocalPosition.z
      value: -6.42782
      objectReference: {fileID: 0}
    - target: {fileID: 4285351660068288, guid: edbe0975f6780514eb7823dd64cd4edf, type: 2}
      propertyPath: m_LocalRotation.x
      value: 0
      objectReference: {fileID: 0}
    - target: {fileID: 4285351660068288, guid: edbe0975f6780514eb7823dd64cd4edf, type: 2}
      propertyPath: m_LocalRotation.y
      value: 0
      objectReference: {fileID: 0}
    - target: {fileID: 4285351660068288, guid: edbe0975f6780514eb7823dd64cd4edf, type: 2}
      propertyPath: m_LocalRotation.z
      value: 0
      objectReference: {fileID: 0}
    - target: {fileID: 4285351660068288, guid: edbe0975f6780514eb7823dd64cd4edf, type: 2}
      propertyPath: m_LocalRotation.w
      value: 1
      objectReference: {fileID: 0}
    - target: {fileID: 4285351660068288, guid: edbe0975f6780514eb7823dd64cd4edf, type: 2}
      propertyPath: m_RootOrder
      value: 4
      objectReference: {fileID: 0}
    - target: {fileID: 114074775219402866, guid: edbe0975f6780514eb7823dd64cd4edf,
        type: 2}
      propertyPath: backgroundDark.r
      value: 0.07450257
      objectReference: {fileID: 0}
    - target: {fileID: 114074775219402866, guid: edbe0975f6780514eb7823dd64cd4edf,
        type: 2}
      propertyPath: backgroundDark.g
      value: 0.07450257
      objectReference: {fileID: 0}
    - target: {fileID: 114074775219402866, guid: edbe0975f6780514eb7823dd64cd4edf,
        type: 2}
      propertyPath: backgroundDark.b
      value: 0.09558821
      objectReference: {fileID: 0}
    - target: {fileID: 114074775219402866, guid: edbe0975f6780514eb7823dd64cd4edf,
        type: 2}
      propertyPath: backgroundLight.r
      value: 0.52205884
      objectReference: {fileID: 0}
    - target: {fileID: 114074775219402866, guid: edbe0975f6780514eb7823dd64cd4edf,
        type: 2}
      propertyPath: backgroundLight.g
      value: 0.52205884
      objectReference: {fileID: 0}
    - target: {fileID: 114074775219402866, guid: edbe0975f6780514eb7823dd64cd4edf,
        type: 2}
      propertyPath: backgroundLight.b
      value: 0.52205884
      objectReference: {fileID: 0}
    - target: {fileID: 114074775219402866, guid: edbe0975f6780514eb7823dd64cd4edf,
        type: 2}
      propertyPath: onOff
      value: 0
      objectReference: {fileID: 0}
    - target: {fileID: 114074775219402866, guid: edbe0975f6780514eb7823dd64cd4edf,
        type: 2}
      propertyPath: coolDown
      value: 0.2
      objectReference: {fileID: 0}
    - target: {fileID: 114074775219402866, guid: edbe0975f6780514eb7823dd64cd4edf,
        type: 2}
      propertyPath: enableGradient
      value: 0
      objectReference: {fileID: 0}
    - target: {fileID: 1533420936030602, guid: edbe0975f6780514eb7823dd64cd4edf, type: 2}
      propertyPath: m_IsActive
      value: 1
      objectReference: {fileID: 0}
    - target: {fileID: 1974527163308876, guid: edbe0975f6780514eb7823dd64cd4edf, type: 2}
      propertyPath: m_IsActive
      value: 1
      objectReference: {fileID: 0}
    m_RemovedComponents: []
  m_ParentPrefab: {fileID: 100100000, guid: edbe0975f6780514eb7823dd64cd4edf, type: 2}
  m_IsPrefabParent: 0
--- !u!1001 &1903521214
Prefab:
  m_ObjectHideFlags: 0
  serializedVersion: 2
  m_Modification:
    m_TransformParent: {fileID: 376174285}
    m_Modifications:
    - target: {fileID: 4588701365252230, guid: 9efe80ade6fed384393835f40ab3d28f, type: 2}
      propertyPath: m_LocalPosition.x
      value: -3.801
      objectReference: {fileID: 0}
    - target: {fileID: 4588701365252230, guid: 9efe80ade6fed384393835f40ab3d28f, type: 2}
      propertyPath: m_LocalPosition.y
      value: 3.442
      objectReference: {fileID: 0}
    - target: {fileID: 4588701365252230, guid: 9efe80ade6fed384393835f40ab3d28f, type: 2}
      propertyPath: m_LocalPosition.z
      value: 0
      objectReference: {fileID: 0}
    - target: {fileID: 4588701365252230, guid: 9efe80ade6fed384393835f40ab3d28f, type: 2}
      propertyPath: m_LocalRotation.x
      value: -0
      objectReference: {fileID: 0}
    - target: {fileID: 4588701365252230, guid: 9efe80ade6fed384393835f40ab3d28f, type: 2}
      propertyPath: m_LocalRotation.y
      value: -0
      objectReference: {fileID: 0}
    - target: {fileID: 4588701365252230, guid: 9efe80ade6fed384393835f40ab3d28f, type: 2}
      propertyPath: m_LocalRotation.z
      value: 0.099205784
      objectReference: {fileID: 0}
    - target: {fileID: 4588701365252230, guid: 9efe80ade6fed384393835f40ab3d28f, type: 2}
      propertyPath: m_LocalRotation.w
      value: 0.99506694
      objectReference: {fileID: 0}
    - target: {fileID: 4588701365252230, guid: 9efe80ade6fed384393835f40ab3d28f, type: 2}
      propertyPath: m_RootOrder
      value: 22
      objectReference: {fileID: 0}
    - target: {fileID: 4588701365252230, guid: 9efe80ade6fed384393835f40ab3d28f, type: 2}
      propertyPath: m_LocalScale.x
      value: 26.19402
      objectReference: {fileID: 0}
    - target: {fileID: 1925325423495300, guid: 9efe80ade6fed384393835f40ab3d28f, type: 2}
      propertyPath: m_Name
      value: Box_Static (7)
      objectReference: {fileID: 0}
    - target: {fileID: 4588701365252230, guid: 9efe80ade6fed384393835f40ab3d28f, type: 2}
      propertyPath: m_LocalEulerAnglesHint.z
      value: 11.387
      objectReference: {fileID: 0}
    - target: {fileID: 4588701365252230, guid: 9efe80ade6fed384393835f40ab3d28f, type: 2}
      propertyPath: m_LocalScale.y
      value: 1.9999998
      objectReference: {fileID: 0}
    m_RemovedComponents: []
  m_ParentPrefab: {fileID: 100100000, guid: 9efe80ade6fed384393835f40ab3d28f, type: 2}
  m_IsPrefabParent: 0
--- !u!4 &1996613982 stripped
Transform:
  m_PrefabParentObject: {fileID: 4588701365252230, guid: 9efe80ade6fed384393835f40ab3d28f,
    type: 2}
  m_PrefabInternal: {fileID: 866998616}
--- !u!1001 &2031641735
Prefab:
  m_ObjectHideFlags: 0
  serializedVersion: 2
  m_Modification:
    m_TransformParent: {fileID: 376174285}
    m_Modifications:
    - target: {fileID: 4764117080811070, guid: aa4a329a8348a1546a0b186190f1c3b0, type: 2}
      propertyPath: m_LocalPosition.x
      value: -2.424501
      objectReference: {fileID: 0}
    - target: {fileID: 4764117080811070, guid: aa4a329a8348a1546a0b186190f1c3b0, type: 2}
      propertyPath: m_LocalPosition.y
      value: 1.6361122
      objectReference: {fileID: 0}
    - target: {fileID: 4764117080811070, guid: aa4a329a8348a1546a0b186190f1c3b0, type: 2}
      propertyPath: m_LocalPosition.z
      value: 0
      objectReference: {fileID: 0}
    - target: {fileID: 4764117080811070, guid: aa4a329a8348a1546a0b186190f1c3b0, type: 2}
      propertyPath: m_LocalRotation.x
      value: -0
      objectReference: {fileID: 0}
    - target: {fileID: 4764117080811070, guid: aa4a329a8348a1546a0b186190f1c3b0, type: 2}
      propertyPath: m_LocalRotation.y
      value: -0
      objectReference: {fileID: 0}
    - target: {fileID: 4764117080811070, guid: aa4a329a8348a1546a0b186190f1c3b0, type: 2}
      propertyPath: m_LocalRotation.z
      value: -0
      objectReference: {fileID: 0}
    - target: {fileID: 4764117080811070, guid: aa4a329a8348a1546a0b186190f1c3b0, type: 2}
      propertyPath: m_LocalRotation.w
      value: 1
      objectReference: {fileID: 0}
    - target: {fileID: 4764117080811070, guid: aa4a329a8348a1546a0b186190f1c3b0, type: 2}
      propertyPath: m_RootOrder
      value: 2
      objectReference: {fileID: 0}
    - target: {fileID: 1675977109184738, guid: aa4a329a8348a1546a0b186190f1c3b0, type: 2}
      propertyPath: m_Name
      value: Box_LightActive (1)
      objectReference: {fileID: 0}
    m_RemovedComponents: []
  m_ParentPrefab: {fileID: 100100000, guid: aa4a329a8348a1546a0b186190f1c3b0, type: 2}
  m_IsPrefabParent: 0
--- !u!1001 &2055795256
Prefab:
  m_ObjectHideFlags: 0
  serializedVersion: 2
  m_Modification:
    m_TransformParent: {fileID: 376174285}
    m_Modifications:
    - target: {fileID: 4764117080811070, guid: aa4a329a8348a1546a0b186190f1c3b0, type: 2}
      propertyPath: m_LocalPosition.x
      value: 1.145
      objectReference: {fileID: 0}
    - target: {fileID: 4764117080811070, guid: aa4a329a8348a1546a0b186190f1c3b0, type: 2}
      propertyPath: m_LocalPosition.y
      value: 3.017
      objectReference: {fileID: 0}
    - target: {fileID: 4764117080811070, guid: aa4a329a8348a1546a0b186190f1c3b0, type: 2}
      propertyPath: m_LocalPosition.z
      value: 0
      objectReference: {fileID: 0}
    - target: {fileID: 4764117080811070, guid: aa4a329a8348a1546a0b186190f1c3b0, type: 2}
      propertyPath: m_LocalRotation.x
      value: -0
      objectReference: {fileID: 0}
    - target: {fileID: 4764117080811070, guid: aa4a329a8348a1546a0b186190f1c3b0, type: 2}
      propertyPath: m_LocalRotation.y
      value: -0
      objectReference: {fileID: 0}
    - target: {fileID: 4764117080811070, guid: aa4a329a8348a1546a0b186190f1c3b0, type: 2}
      propertyPath: m_LocalRotation.z
      value: -0
      objectReference: {fileID: 0}
    - target: {fileID: 4764117080811070, guid: aa4a329a8348a1546a0b186190f1c3b0, type: 2}
      propertyPath: m_LocalRotation.w
      value: 1
      objectReference: {fileID: 0}
    - target: {fileID: 4764117080811070, guid: aa4a329a8348a1546a0b186190f1c3b0, type: 2}
      propertyPath: m_RootOrder
      value: 23
      objectReference: {fileID: 0}
    - target: {fileID: 4764117080811070, guid: aa4a329a8348a1546a0b186190f1c3b0, type: 2}
      propertyPath: m_LocalScale.x
      value: 3.3374999
      objectReference: {fileID: 0}
    - target: {fileID: 1675977109184738, guid: aa4a329a8348a1546a0b186190f1c3b0, type: 2}
      propertyPath: m_Name
      value: Box_LightActive (4)
      objectReference: {fileID: 0}
    m_RemovedComponents: []
  m_ParentPrefab: {fileID: 100100000, guid: aa4a329a8348a1546a0b186190f1c3b0, type: 2}
  m_IsPrefabParent: 0
--- !u!4 &2088926210 stripped
Transform:
  m_PrefabParentObject: {fileID: 4764117080811070, guid: aa4a329a8348a1546a0b186190f1c3b0,
    type: 2}
  m_PrefabInternal: {fileID: 2055795256}
--- !u!4 &2101188180 stripped
Transform:
  m_PrefabParentObject: {fileID: 4707901521895790, guid: 2d391639fc528fc41912014952a18808,
    type: 2}
  m_PrefabInternal: {fileID: 865642957}
--- !u!1001 &2121777398
Prefab:
  m_ObjectHideFlags: 0
  serializedVersion: 2
  m_Modification:
    m_TransformParent: {fileID: 516275459}
    m_Modifications:
    - target: {fileID: 4212781433562694, guid: 4efd3bcd5cd9232498dd8da69c5aa6b6, type: 2}
      propertyPath: m_LocalPosition.x
      value: -1.022
      objectReference: {fileID: 0}
    - target: {fileID: 4212781433562694, guid: 4efd3bcd5cd9232498dd8da69c5aa6b6, type: 2}
      propertyPath: m_LocalPosition.y
      value: 1.145
      objectReference: {fileID: 0}
    - target: {fileID: 4212781433562694, guid: 4efd3bcd5cd9232498dd8da69c5aa6b6, type: 2}
      propertyPath: m_LocalPosition.z
      value: 0
      objectReference: {fileID: 0}
    - target: {fileID: 4212781433562694, guid: 4efd3bcd5cd9232498dd8da69c5aa6b6, type: 2}
      propertyPath: m_LocalRotation.x
      value: -0
      objectReference: {fileID: 0}
    - target: {fileID: 4212781433562694, guid: 4efd3bcd5cd9232498dd8da69c5aa6b6, type: 2}
      propertyPath: m_LocalRotation.y
      value: -0
      objectReference: {fileID: 0}
    - target: {fileID: 4212781433562694, guid: 4efd3bcd5cd9232498dd8da69c5aa6b6, type: 2}
      propertyPath: m_LocalRotation.z
      value: 0.03413005
      objectReference: {fileID: 0}
    - target: {fileID: 4212781433562694, guid: 4efd3bcd5cd9232498dd8da69c5aa6b6, type: 2}
      propertyPath: m_LocalRotation.w
      value: 0.9994174
      objectReference: {fileID: 0}
    - target: {fileID: 4212781433562694, guid: 4efd3bcd5cd9232498dd8da69c5aa6b6, type: 2}
      propertyPath: m_RootOrder
      value: 0
      objectReference: {fileID: 0}
    - target: {fileID: 1793770549147480, guid: 4efd3bcd5cd9232498dd8da69c5aa6b6, type: 2}
      propertyPath: m_Name
      value: Platform
      objectReference: {fileID: 0}
    - target: {fileID: 114878263177481354, guid: 4efd3bcd5cd9232498dd8da69c5aa6b6,
        type: 2}
      propertyPath: jumpThrough
      value: 1
      objectReference: {fileID: 0}
    - target: {fileID: 50699597273303734, guid: 4efd3bcd5cd9232498dd8da69c5aa6b6,
        type: 2}
      propertyPath: m_Mass
      value: 200
      objectReference: {fileID: 0}
    - target: {fileID: 137937352003376640, guid: 4efd3bcd5cd9232498dd8da69c5aa6b6,
        type: 2}
      propertyPath: m_UpdateWhenOffscreen
      value: 1
      objectReference: {fileID: 0}
    - target: {fileID: 137721937595162400, guid: 4efd3bcd5cd9232498dd8da69c5aa6b6,
        type: 2}
      propertyPath: m_UpdateWhenOffscreen
      value: 1
      objectReference: {fileID: 0}
    - target: {fileID: 114878263177481354, guid: 4efd3bcd5cd9232498dd8da69c5aa6b6,
        type: 2}
      propertyPath: showCollisionPoints
      value: 1
      objectReference: {fileID: 0}
    - target: {fileID: 61680148498695426, guid: 4efd3bcd5cd9232498dd8da69c5aa6b6,
        type: 2}
      propertyPath: m_Material
      value: 
      objectReference: {fileID: 6200000, guid: d3f22de4f6ae1884aba750449e4c3ba4, type: 2}
    - target: {fileID: 1142924550198246, guid: 4efd3bcd5cd9232498dd8da69c5aa6b6, type: 2}
      propertyPath: m_Layer
      value: 12
      objectReference: {fileID: 0}
    - target: {fileID: 1793770549147480, guid: 4efd3bcd5cd9232498dd8da69c5aa6b6, type: 2}
      propertyPath: m_Layer
      value: 14
      objectReference: {fileID: 0}
    - target: {fileID: 1537156283975414, guid: 4efd3bcd5cd9232498dd8da69c5aa6b6, type: 2}
      propertyPath: m_Layer
      value: 12
      objectReference: {fileID: 0}
    - target: {fileID: 1600414619533314, guid: 4efd3bcd5cd9232498dd8da69c5aa6b6, type: 2}
      propertyPath: m_Layer
      value: 12
      objectReference: {fileID: 0}
    m_RemovedComponents: []
  m_ParentPrefab: {fileID: 100100000, guid: 4efd3bcd5cd9232498dd8da69c5aa6b6, type: 2}
  m_IsPrefabParent: 0
