%YAML 1.1
%TAG !u! tag:unity3d.com,2011:
--- !u!29 &1
OcclusionCullingSettings:
  m_ObjectHideFlags: 0
  serializedVersion: 2
  m_OcclusionBakeSettings:
    smallestOccluder: 5
    smallestHole: 0.25
    backfaceThreshold: 100
  m_SceneGUID: 00000000000000000000000000000000
  m_OcclusionCullingData: {fileID: 0}
--- !u!104 &2
RenderSettings:
  m_ObjectHideFlags: 0
  serializedVersion: 8
  m_Fog: 0
  m_FogColor: {r: 0.5, g: 0.5, b: 0.5, a: 1}
  m_FogMode: 3
  m_FogDensity: 0.01
  m_LinearFogStart: 0
  m_LinearFogEnd: 300
  m_AmbientSkyColor: {r: 0.212, g: 0.227, b: 0.259, a: 1}
  m_AmbientEquatorColor: {r: 0.114, g: 0.125, b: 0.133, a: 1}
  m_AmbientGroundColor: {r: 0.047, g: 0.043, b: 0.035, a: 1}
  m_AmbientIntensity: 1
  m_AmbientMode: 3
  m_SubtractiveShadowColor: {r: 0.42, g: 0.478, b: 0.627, a: 1}
  m_SkyboxMaterial: {fileID: 0}
  m_HaloStrength: 0.5
  m_FlareStrength: 1
  m_FlareFadeSpeed: 3
  m_HaloTexture: {fileID: 0}
  m_SpotCookie: {fileID: 10001, guid: 0000000000000000e000000000000000, type: 0}
  m_DefaultReflectionMode: 0
  m_DefaultReflectionResolution: 128
  m_ReflectionBounces: 1
  m_ReflectionIntensity: 1
  m_CustomReflection: {fileID: 0}
  m_Sun: {fileID: 0}
  m_IndirectSpecularColor: {r: 0, g: 0, b: 0, a: 1}
--- !u!157 &3
LightmapSettings:
  m_ObjectHideFlags: 0
  serializedVersion: 9
  m_GIWorkflowMode: 1
  m_GISettings:
    serializedVersion: 2
    m_BounceScale: 1
    m_IndirectOutputScale: 1
    m_AlbedoBoost: 1
    m_TemporalCoherenceThreshold: 1
    m_EnvironmentLightingMode: 0
    m_EnableBakedLightmaps: 0
    m_EnableRealtimeLightmaps: 0
  m_LightmapEditorSettings:
    serializedVersion: 8
    m_Resolution: 2
    m_BakeResolution: 40
    m_TextureWidth: 1024
    m_TextureHeight: 1024
    m_AO: 0
    m_AOMaxDistance: 1
    m_CompAOExponent: 1
    m_CompAOExponentDirect: 0
    m_Padding: 2
    m_LightmapParameters: {fileID: 0}
    m_LightmapsBakeMode: 1
    m_TextureCompression: 1
    m_FinalGather: 0
    m_FinalGatherFiltering: 1
    m_FinalGatherRayCount: 256
    m_ReflectionCompression: 2
    m_MixedBakeMode: 1
    m_BakeBackend: 0
    m_PVRSampling: 1
    m_PVRDirectSampleCount: 32
    m_PVRSampleCount: 500
    m_PVRBounces: 2
    m_PVRFiltering: 0
    m_PVRFilteringMode: 1
    m_PVRCulling: 1
    m_PVRFilteringGaussRadiusDirect: 1
    m_PVRFilteringGaussRadiusIndirect: 5
    m_PVRFilteringGaussRadiusAO: 2
    m_PVRFilteringAtrousColorSigma: 1
    m_PVRFilteringAtrousNormalSigma: 1
    m_PVRFilteringAtrousPositionSigma: 1
  m_LightingDataAsset: {fileID: 0}
  m_ShadowMaskMode: 2
--- !u!196 &4
NavMeshSettings:
  serializedVersion: 2
  m_ObjectHideFlags: 0
  m_BuildSettings:
    serializedVersion: 2
    agentTypeID: 0
    agentRadius: 0.5
    agentHeight: 2
    agentSlope: 45
    agentClimb: 0.4
    ledgeDropHeight: 0
    maxJumpAcrossDistance: 0
    minRegionArea: 2
    manualCellSize: 0
    cellSize: 0.16666667
    manualTileSize: 0
    tileSize: 256
    accuratePlacement: 0
  m_NavMeshData: {fileID: 0}
--- !u!1001 &37447508
Prefab:
  m_ObjectHideFlags: 0
  serializedVersion: 2
  m_Modification:
    m_TransformParent: {fileID: 0}
    m_Modifications:
    - target: {fileID: 4330972137667620, guid: ce249ea7e43850e4094ff15f8226f82b, type: 2}
      propertyPath: m_LocalPosition.x
      value: -2.025
      objectReference: {fileID: 0}
    - target: {fileID: 4330972137667620, guid: ce249ea7e43850e4094ff15f8226f82b, type: 2}
      propertyPath: m_LocalPosition.y
      value: 0.212
      objectReference: {fileID: 0}
    - target: {fileID: 4330972137667620, guid: ce249ea7e43850e4094ff15f8226f82b, type: 2}
      propertyPath: m_LocalPosition.z
      value: 0
      objectReference: {fileID: 0}
    - target: {fileID: 4330972137667620, guid: ce249ea7e43850e4094ff15f8226f82b, type: 2}
      propertyPath: m_LocalRotation.x
      value: 0
      objectReference: {fileID: 0}
    - target: {fileID: 4330972137667620, guid: ce249ea7e43850e4094ff15f8226f82b, type: 2}
      propertyPath: m_LocalRotation.y
      value: 0
      objectReference: {fileID: 0}
    - target: {fileID: 4330972137667620, guid: ce249ea7e43850e4094ff15f8226f82b, type: 2}
      propertyPath: m_LocalRotation.z
      value: 0
      objectReference: {fileID: 0}
    - target: {fileID: 4330972137667620, guid: ce249ea7e43850e4094ff15f8226f82b, type: 2}
      propertyPath: m_LocalRotation.w
      value: 1
      objectReference: {fileID: 0}
    - target: {fileID: 4330972137667620, guid: ce249ea7e43850e4094ff15f8226f82b, type: 2}
      propertyPath: m_RootOrder
      value: 4
      objectReference: {fileID: 0}
    - target: {fileID: 1957920636106460, guid: ce249ea7e43850e4094ff15f8226f82b, type: 2}
      propertyPath: m_IsActive
      value: 1
      objectReference: {fileID: 0}
    - target: {fileID: 212285420973608274, guid: ce249ea7e43850e4094ff15f8226f82b,
        type: 2}
      propertyPath: m_SortingLayerID
      value: -653411001
      objectReference: {fileID: 0}
    - target: {fileID: 114963060412556716, guid: ce249ea7e43850e4094ff15f8226f82b,
        type: 2}
      propertyPath: speed
      value: 0.33
      objectReference: {fileID: 0}
    - target: {fileID: 1957920636106460, guid: ce249ea7e43850e4094ff15f8226f82b, type: 2}
      propertyPath: m_Layer
      value: 14
      objectReference: {fileID: 0}
    m_RemovedComponents: []
  m_ParentPrefab: {fileID: 100100000, guid: ce249ea7e43850e4094ff15f8226f82b, type: 2}
  m_IsPrefabParent: 0
--- !u!1001 &147423217
Prefab:
  m_ObjectHideFlags: 0
  serializedVersion: 2
  m_Modification:
    m_TransformParent: {fileID: 0}
    m_Modifications:
    - target: {fileID: 400014, guid: 1d34e0080b92b0541bbeca579775cbbb, type: 3}
      propertyPath: m_LocalPosition.x
      value: -0.21741942
      objectReference: {fileID: 0}
    - target: {fileID: 400014, guid: 1d34e0080b92b0541bbeca579775cbbb, type: 3}
      propertyPath: m_LocalPosition.y
      value: 1.0452294
      objectReference: {fileID: 0}
    - target: {fileID: 400014, guid: 1d34e0080b92b0541bbeca579775cbbb, type: 3}
      propertyPath: m_LocalPosition.z
      value: 0
      objectReference: {fileID: 0}
    - target: {fileID: 400014, guid: 1d34e0080b92b0541bbeca579775cbbb, type: 3}
      propertyPath: m_LocalRotation.x
      value: 0
      objectReference: {fileID: 0}
    - target: {fileID: 400014, guid: 1d34e0080b92b0541bbeca579775cbbb, type: 3}
      propertyPath: m_LocalRotation.y
      value: 0
      objectReference: {fileID: 0}
    - target: {fileID: 400014, guid: 1d34e0080b92b0541bbeca579775cbbb, type: 3}
      propertyPath: m_LocalRotation.z
      value: 0
      objectReference: {fileID: 0}
    - target: {fileID: 400014, guid: 1d34e0080b92b0541bbeca579775cbbb, type: 3}
      propertyPath: m_LocalRotation.w
      value: 1
      objectReference: {fileID: 0}
    - target: {fileID: 400014, guid: 1d34e0080b92b0541bbeca579775cbbb, type: 3}
      propertyPath: m_RootOrder
      value: 1
      objectReference: {fileID: 0}
    m_RemovedComponents: []
  m_ParentPrefab: {fileID: 100100000, guid: 1d34e0080b92b0541bbeca579775cbbb, type: 3}
  m_IsPrefabParent: 0
--- !u!1001 &151533793
Prefab:
  m_ObjectHideFlags: 0
  serializedVersion: 2
  m_Modification:
    m_TransformParent: {fileID: 0}
    m_Modifications:
    - target: {fileID: 4359780748406990, guid: 63683e20142685e479d2be6db66b3850, type: 2}
      propertyPath: m_LocalPosition.x
      value: 1.517
      objectReference: {fileID: 0}
    - target: {fileID: 4359780748406990, guid: 63683e20142685e479d2be6db66b3850, type: 2}
      propertyPath: m_LocalPosition.y
      value: -0.036
      objectReference: {fileID: 0}
    - target: {fileID: 4359780748406990, guid: 63683e20142685e479d2be6db66b3850, type: 2}
      propertyPath: m_LocalPosition.z
      value: 0
      objectReference: {fileID: 0}
    - target: {fileID: 4359780748406990, guid: 63683e20142685e479d2be6db66b3850, type: 2}
      propertyPath: m_LocalRotation.x
      value: 0
      objectReference: {fileID: 0}
    - target: {fileID: 4359780748406990, guid: 63683e20142685e479d2be6db66b3850, type: 2}
      propertyPath: m_LocalRotation.y
      value: 0
      objectReference: {fileID: 0}
    - target: {fileID: 4359780748406990, guid: 63683e20142685e479d2be6db66b3850, type: 2}
      propertyPath: m_LocalRotation.z
      value: 0
      objectReference: {fileID: 0}
    - target: {fileID: 4359780748406990, guid: 63683e20142685e479d2be6db66b3850, type: 2}
      propertyPath: m_LocalRotation.w
      value: 1
      objectReference: {fileID: 0}
    - target: {fileID: 4359780748406990, guid: 63683e20142685e479d2be6db66b3850, type: 2}
      propertyPath: m_RootOrder
      value: 8
      objectReference: {fileID: 0}
    - target: {fileID: 212050486758942760, guid: 63683e20142685e479d2be6db66b3850,
        type: 2}
      propertyPath: m_SortingLayerID
      value: 397037519
      objectReference: {fileID: 0}
    - target: {fileID: 212050486758942760, guid: 63683e20142685e479d2be6db66b3850,
        type: 2}
      propertyPath: m_SortingOrder
      value: 0
      objectReference: {fileID: 0}
    - target: {fileID: 212050486758942760, guid: 63683e20142685e479d2be6db66b3850,
        type: 2}
      propertyPath: m_Sprite
      value: 
      objectReference: {fileID: 21300000, guid: 98a83d5a1a260124aac5a732a1740eee,
        type: 3}
    m_RemovedComponents: []
  m_ParentPrefab: {fileID: 100100000, guid: 63683e20142685e479d2be6db66b3850, type: 2}
  m_IsPrefabParent: 0
--- !u!1001 &170605963
Prefab:
  m_ObjectHideFlags: 0
  serializedVersion: 2
  m_Modification:
    m_TransformParent: {fileID: 0}
    m_Modifications:
    - target: {fileID: 4052230076909298, guid: 59c2b8b593f42b341bf921bdb1f6e9c0, type: 2}
      propertyPath: m_LocalPosition.x
      value: -2.777
      objectReference: {fileID: 0}
    - target: {fileID: 4052230076909298, guid: 59c2b8b593f42b341bf921bdb1f6e9c0, type: 2}
      propertyPath: m_LocalPosition.y
      value: -0.151
      objectReference: {fileID: 0}
    - target: {fileID: 4052230076909298, guid: 59c2b8b593f42b341bf921bdb1f6e9c0, type: 2}
      propertyPath: m_LocalPosition.z
      value: 0
      objectReference: {fileID: 0}
    - target: {fileID: 4052230076909298, guid: 59c2b8b593f42b341bf921bdb1f6e9c0, type: 2}
      propertyPath: m_LocalRotation.x
      value: -0
      objectReference: {fileID: 0}
    - target: {fileID: 4052230076909298, guid: 59c2b8b593f42b341bf921bdb1f6e9c0, type: 2}
      propertyPath: m_LocalRotation.y
      value: -0
      objectReference: {fileID: 0}
    - target: {fileID: 4052230076909298, guid: 59c2b8b593f42b341bf921bdb1f6e9c0, type: 2}
      propertyPath: m_LocalRotation.z
      value: -0.09404685
      objectReference: {fileID: 0}
    - target: {fileID: 4052230076909298, guid: 59c2b8b593f42b341bf921bdb1f6e9c0, type: 2}
      propertyPath: m_LocalRotation.w
      value: 0.9955678
      objectReference: {fileID: 0}
    - target: {fileID: 4052230076909298, guid: 59c2b8b593f42b341bf921bdb1f6e9c0, type: 2}
      propertyPath: m_RootOrder
      value: 2
      objectReference: {fileID: 0}
    - target: {fileID: 212172845395770018, guid: 59c2b8b593f42b341bf921bdb1f6e9c0,
        type: 2}
      propertyPath: m_SortingLayerID
      value: -653411001
      objectReference: {fileID: 0}
    - target: {fileID: 4052230076909298, guid: 59c2b8b593f42b341bf921bdb1f6e9c0, type: 2}
      propertyPath: m_LocalEulerAnglesHint.z
      value: -10.793
      objectReference: {fileID: 0}
    - target: {fileID: 212172845395770018, guid: 59c2b8b593f42b341bf921bdb1f6e9c0,
        type: 2}
      propertyPath: m_Sprite
      value: 
      objectReference: {fileID: 21300000, guid: 98a83d5a1a260124aac5a732a1740eee,
        type: 3}
    - target: {fileID: 212172845395770018, guid: 59c2b8b593f42b341bf921bdb1f6e9c0,
        type: 2}
      propertyPath: m_Color.r
      value: 0
      objectReference: {fileID: 0}
    - target: {fileID: 212172845395770018, guid: 59c2b8b593f42b341bf921bdb1f6e9c0,
        type: 2}
      propertyPath: m_Color.g
      value: 0
      objectReference: {fileID: 0}
    - target: {fileID: 212172845395770018, guid: 59c2b8b593f42b341bf921bdb1f6e9c0,
        type: 2}
      propertyPath: m_Color.b
      value: 0
      objectReference: {fileID: 0}
    - target: {fileID: 4052230076909298, guid: 59c2b8b593f42b341bf921bdb1f6e9c0, type: 2}
      propertyPath: m_LocalScale.x
      value: 24.45427
      objectReference: {fileID: 0}
    m_RemovedComponents: []
  m_ParentPrefab: {fileID: 100100000, guid: 59c2b8b593f42b341bf921bdb1f6e9c0, type: 2}
  m_IsPrefabParent: 0
--- !u!1 &177578286
GameObject:
  m_ObjectHideFlags: 0
  m_PrefabParentObject: {fileID: 0}
  m_PrefabInternal: {fileID: 0}
  serializedVersion: 5
  m_Component:
  - component: {fileID: 177578289}
  - component: {fileID: 177578288}
  - component: {fileID: 177578287}
  m_Layer: 0
  m_Name: EventSystem
  m_TagString: Untagged
  m_Icon: {fileID: 0}
  m_NavMeshLayer: 0
  m_StaticEditorFlags: 0
  m_IsActive: 1
--- !u!114 &177578287
MonoBehaviour:
  m_ObjectHideFlags: 0
  m_PrefabParentObject: {fileID: 0}
  m_PrefabInternal: {fileID: 0}
  m_GameObject: {fileID: 177578286}
  m_Enabled: 1
  m_EditorHideFlags: 0
  m_Script: {fileID: 1077351063, guid: f70555f144d8491a825f0804e09c671c, type: 3}
  m_Name: 
  m_EditorClassIdentifier: 
  m_HorizontalAxis: Horizontal
  m_VerticalAxis: Vertical
  m_SubmitButton: Submit
  m_CancelButton: Cancel
  m_InputActionsPerSecond: 10
  m_RepeatDelay: 0.5
  m_ForceModuleActive: 0
--- !u!114 &177578288
MonoBehaviour:
  m_ObjectHideFlags: 0
  m_PrefabParentObject: {fileID: 0}
  m_PrefabInternal: {fileID: 0}
  m_GameObject: {fileID: 177578286}
  m_Enabled: 1
  m_EditorHideFlags: 0
  m_Script: {fileID: -619905303, guid: f70555f144d8491a825f0804e09c671c, type: 3}
  m_Name: 
  m_EditorClassIdentifier: 
  m_FirstSelected: {fileID: 0}
  m_sendNavigationEvents: 1
  m_DragThreshold: 5
--- !u!4 &177578289
Transform:
  m_ObjectHideFlags: 0
  m_PrefabParentObject: {fileID: 0}
  m_PrefabInternal: {fileID: 0}
  m_GameObject: {fileID: 177578286}
  m_LocalRotation: {x: 0, y: 0, z: 0, w: 1}
  m_LocalPosition: {x: 0, y: 0, z: 0}
  m_LocalScale: {x: 1, y: 1, z: 1}
  m_Children: []
  m_Father: {fileID: 0}
  m_RootOrder: 15
  m_LocalEulerAnglesHint: {x: 0, y: 0, z: 0}
--- !u!1 &260985924
GameObject:
  m_ObjectHideFlags: 0
  m_PrefabParentObject: {fileID: 100008, guid: 1d34e0080b92b0541bbeca579775cbbb, type: 3}
  m_PrefabInternal: {fileID: 147423217}
  serializedVersion: 5
  m_Component:
  - component: {fileID: 260985925}
  m_Layer: 0
  m_Name: Bone_003
  m_TagString: Untagged
  m_Icon: {fileID: 0}
  m_NavMeshLayer: 0
  m_StaticEditorFlags: 0
  m_IsActive: 1
--- !u!4 &260985925
Transform:
  m_ObjectHideFlags: 0
  m_PrefabParentObject: {fileID: 400008, guid: 1d34e0080b92b0541bbeca579775cbbb, type: 3}
  m_PrefabInternal: {fileID: 147423217}
  m_GameObject: {fileID: 260985924}
  m_LocalRotation: {x: 0, y: -0, z: -0, w: 1}
  m_LocalPosition: {x: -0.0023095328, y: 0.022118248, z: 1.6663676e-10}
  m_LocalScale: {x: 1, y: 1, z: 1}
  m_Children: []
  m_Father: {fileID: 1652639612}
  m_RootOrder: 0
  m_LocalEulerAnglesHint: {x: 0, y: 0, z: 0}
--- !u!1001 &291458768
Prefab:
  m_ObjectHideFlags: 0
  serializedVersion: 2
  m_Modification:
    m_TransformParent: {fileID: 0}
    m_Modifications:
    - target: {fileID: 4212781433562694, guid: 4efd3bcd5cd9232498dd8da69c5aa6b6, type: 2}
      propertyPath: m_LocalPosition.x
      value: 0.659
      objectReference: {fileID: 0}
    - target: {fileID: 4212781433562694, guid: 4efd3bcd5cd9232498dd8da69c5aa6b6, type: 2}
      propertyPath: m_LocalPosition.y
      value: -0.232
      objectReference: {fileID: 0}
    - target: {fileID: 4212781433562694, guid: 4efd3bcd5cd9232498dd8da69c5aa6b6, type: 2}
      propertyPath: m_LocalPosition.z
      value: 0
      objectReference: {fileID: 0}
    - target: {fileID: 4212781433562694, guid: 4efd3bcd5cd9232498dd8da69c5aa6b6, type: 2}
      propertyPath: m_LocalRotation.x
      value: -0
      objectReference: {fileID: 0}
    - target: {fileID: 4212781433562694, guid: 4efd3bcd5cd9232498dd8da69c5aa6b6, type: 2}
      propertyPath: m_LocalRotation.y
      value: -0
      objectReference: {fileID: 0}
    - target: {fileID: 4212781433562694, guid: 4efd3bcd5cd9232498dd8da69c5aa6b6, type: 2}
      propertyPath: m_LocalRotation.z
      value: 0.03413005
      objectReference: {fileID: 0}
    - target: {fileID: 4212781433562694, guid: 4efd3bcd5cd9232498dd8da69c5aa6b6, type: 2}
      propertyPath: m_LocalRotation.w
      value: 0.9994174
      objectReference: {fileID: 0}
    - target: {fileID: 4212781433562694, guid: 4efd3bcd5cd9232498dd8da69c5aa6b6, type: 2}
      propertyPath: m_RootOrder
      value: 10
      objectReference: {fileID: 0}
    - target: {fileID: 1142924550198246, guid: 4efd3bcd5cd9232498dd8da69c5aa6b6, type: 2}
      propertyPath: m_Name
      value: SpiderTable
      objectReference: {fileID: 0}

    - target: {fileID: 95272833043348178, guid: 81a06786163a2614499c8bbfa6daf1ad,
        type: 2}
      propertyPath: m_Avatar
      value: 
      objectReference: {fileID: 9000000, guid: d8ef20f112481e946b3970b3ee99218f, type: 3}
    - target: {fileID: 114872282974030038, guid: 81a06786163a2614499c8bbfa6daf1ad,
        type: 2}
      propertyPath: stalk
      value: 0
      objectReference: {fileID: 0}
    - target: {fileID: 114872282974030038, guid: 81a06786163a2614499c8bbfa6daf1ad,
        type: 2}
      propertyPath: motionState
      value: 
      objectReference: {fileID: 0}
    - target: {fileID: 1450267920542296, guid: 81a06786163a2614499c8bbfa6daf1ad, type: 2}
      propertyPath: m_Name
      value: +SpiderTable_Platform
      objectReference: {fileID: 0}
    - target: {fileID: 1730489048704928, guid: 81a06786163a2614499c8bbfa6daf1ad, type: 2}
      propertyPath: m_Name
      value: +Leg_L_Normal
      objectReference: {fileID: 0}
    - target: {fileID: 1286435846617420, guid: 81a06786163a2614499c8bbfa6daf1ad, type: 2}
      propertyPath: m_Name
      value: +Leg_R_Normal
      objectReference: {fileID: 0}
    - target: {fileID: 1110515303229878, guid: 81a06786163a2614499c8bbfa6daf1ad, type: 2}
      propertyPath: m_Name
      value: +Leg_L_Spider
      objectReference: {fileID: 0}
    - target: {fileID: 1585148026674930, guid: 81a06786163a2614499c8bbfa6daf1ad, type: 2}
      propertyPath: m_Name
      value: +Leg_R_Spider
      objectReference: {fileID: 0}
=======

    m_RemovedComponents: []
  m_ParentPrefab: {fileID: 100100000, guid: 4efd3bcd5cd9232498dd8da69c5aa6b6, type: 2}
  m_IsPrefabParent: 0
--- !u!1 &293478759
GameObject:
  m_ObjectHideFlags: 0
  m_PrefabParentObject: {fileID: 100012, guid: 1d34e0080b92b0541bbeca579775cbbb, type: 3}
  m_PrefabInternal: {fileID: 147423217}
  serializedVersion: 5
  m_Component:
  - component: {fileID: 293478760}
  - component: {fileID: 293478761}
  m_Layer: 0
  m_Name: Plane_001
  m_TagString: Untagged
  m_Icon: {fileID: 0}
  m_NavMeshLayer: 0
  m_StaticEditorFlags: 0
  m_IsActive: 1
--- !u!4 &293478760
Transform:
  m_ObjectHideFlags: 0
  m_PrefabParentObject: {fileID: 400012, guid: 1d34e0080b92b0541bbeca579775cbbb, type: 3}
  m_PrefabInternal: {fileID: 147423217}
  m_GameObject: {fileID: 293478759}
  m_LocalRotation: {x: 3.551745e-15, y: 0, z: 0, w: 1}
  m_LocalPosition: {x: -0, y: 0, z: 0}
  m_LocalScale: {x: 1, y: 1, z: 1}
  m_Children: []
  m_Father: {fileID: 1128050804}
  m_RootOrder: 1
  m_LocalEulerAnglesHint: {x: 0, y: 0, z: 0}
--- !u!137 &293478761
SkinnedMeshRenderer:
  m_ObjectHideFlags: 0
  m_PrefabParentObject: {fileID: 13700000, guid: 1d34e0080b92b0541bbeca579775cbbb,
    type: 3}
  m_PrefabInternal: {fileID: 147423217}
  m_GameObject: {fileID: 293478759}
  m_Enabled: 1
  m_CastShadows: 1
  m_ReceiveShadows: 1
  m_MotionVectors: 1
  m_LightProbeUsage: 1
  m_ReflectionProbeUsage: 1
  m_Materials:
  - {fileID: 0}
  m_StaticBatchInfo:
    firstSubMesh: 0
    subMeshCount: 0
  m_StaticBatchRoot: {fileID: 0}
  m_ProbeAnchor: {fileID: 0}
  m_LightProbeVolumeOverride: {fileID: 0}
  m_ScaleInLightmap: 1
  m_PreserveUVs: 0
  m_IgnoreNormalsForChartDetection: 0
  m_ImportantGI: 0
  m_SelectedEditorRenderState: 3
  m_MinimumChartSize: 4
  m_AutoUVMaxDistance: 0.5
  m_AutoUVMaxAngle: 89
  m_LightmapParameters: {fileID: 0}
  m_SortingLayerID: 0
  m_SortingLayer: 0
  m_SortingOrder: 0
  serializedVersion: 2
  m_Quality: 0
  m_UpdateWhenOffscreen: 0
  m_SkinnedMotionVectors: 1
  m_Mesh: {fileID: 4300000, guid: 1d34e0080b92b0541bbeca579775cbbb, type: 3}
  m_Bones:
  - {fileID: 1499262006}
  - {fileID: 613261461}
  - {fileID: 1150866554}
  - {fileID: 1652639612}
  - {fileID: 260985925}
  m_BlendShapeWeights: []
  m_RootBone: {fileID: 1499262006}
  m_AABB:
    m_Center: {x: -0.02453344, y: 0.015109223, z: 0.000000007304645}
    m_Extent: {x: 0.024647485, y: 0.015851595, z: 0.000000008198017}
  m_DirtyAABB: 0
--- !u!114 &411369457 stripped
MonoBehaviour:
  m_PrefabParentObject: {fileID: 114717783105950190, guid: 991ae3e42cf23d0428e92a77cddc0c67,
    type: 2}
  m_PrefabInternal: {fileID: 1791545434}
  m_Script: {fileID: 708705254, guid: f70555f144d8491a825f0804e09c671c, type: 3}
--- !u!1 &428988697
GameObject:
  m_ObjectHideFlags: 0
  m_PrefabParentObject: {fileID: 0}
  m_PrefabInternal: {fileID: 0}
  serializedVersion: 5
  m_Component:
  - component: {fileID: 428988699}
  - component: {fileID: 428988698}
  m_Layer: 0
  m_Name: bgGradient
  m_TagString: Untagged
  m_Icon: {fileID: 0}
  m_NavMeshLayer: 0
  m_StaticEditorFlags: 0
  m_IsActive: 1
--- !u!212 &428988698
SpriteRenderer:
  m_ObjectHideFlags: 0
  m_PrefabParentObject: {fileID: 0}
  m_PrefabInternal: {fileID: 0}
  m_GameObject: {fileID: 428988697}
  m_Enabled: 1
  m_CastShadows: 0
  m_ReceiveShadows: 0
  m_MotionVectors: 1
  m_LightProbeUsage: 1
  m_ReflectionProbeUsage: 1
  m_Materials:
  - {fileID: 10754, guid: 0000000000000000f000000000000000, type: 0}
  m_StaticBatchInfo:
    firstSubMesh: 0
    subMeshCount: 0
  m_StaticBatchRoot: {fileID: 0}
  m_ProbeAnchor: {fileID: 0}
  m_LightProbeVolumeOverride: {fileID: 0}
  m_ScaleInLightmap: 1
  m_PreserveUVs: 0
  m_IgnoreNormalsForChartDetection: 0
  m_ImportantGI: 0
  m_SelectedEditorRenderState: 0
  m_MinimumChartSize: 4
  m_AutoUVMaxDistance: 0.5
  m_AutoUVMaxAngle: 89
  m_LightmapParameters: {fileID: 0}
  m_SortingLayerID: 0
  m_SortingLayer: 0
  m_SortingOrder: 0
  m_Sprite: {fileID: 21300000, guid: 99fe4855fd142634cbbaa96218370dd9, type: 3}
  m_Color: {r: 1, g: 1, b: 1, a: 1}
  m_FlipX: 0
  m_FlipY: 0
  m_DrawMode: 0
  m_Size: {x: 19.2, y: 10.8}
  m_AdaptiveModeThreshold: 0.5
  m_SpriteTileMode: 0
--- !u!4 &428988699
Transform:
  m_ObjectHideFlags: 0
  m_PrefabParentObject: {fileID: 0}
  m_PrefabInternal: {fileID: 0}
  m_GameObject: {fileID: 428988697}
  m_LocalRotation: {x: 0, y: 0, z: 0, w: 1}
  m_LocalPosition: {x: -0.009945357, y: 0.047, z: 11.06}
  m_LocalScale: {x: 0.44273338, y: 0.38498518, z: 0}
  m_Children: []
  m_Father: {fileID: 1236161639}
  m_RootOrder: 1
  m_LocalEulerAnglesHint: {x: 0, y: 0, z: 0}
--- !u!1 &613261460
GameObject:
  m_ObjectHideFlags: 0
  m_PrefabParentObject: {fileID: 100004, guid: 1d34e0080b92b0541bbeca579775cbbb, type: 3}
  m_PrefabInternal: {fileID: 147423217}
  serializedVersion: 5
  m_Component:
  - component: {fileID: 613261461}
  m_Layer: 0
  m_Name: Bone_001
  m_TagString: Untagged
  m_Icon: {fileID: 0}
  m_NavMeshLayer: 0
  m_StaticEditorFlags: 0
  m_IsActive: 1
--- !u!4 &613261461
Transform:
  m_ObjectHideFlags: 0
  m_PrefabParentObject: {fileID: 400004, guid: 1d34e0080b92b0541bbeca579775cbbb, type: 3}
  m_PrefabInternal: {fileID: 147423217}
  m_GameObject: {fileID: 613261460}
  m_LocalRotation: {x: 0.000000405506, y: 0.0000000655673, z: -0.49504068, w: 0.86886984}
  m_LocalPosition: {x: -0.021662602, y: 0.0000000017881397, z: 0}
  m_LocalScale: {x: 1.000099, y: 0.9999427, z: 1}
  m_Children:
  - {fileID: 1150866554}
  m_Father: {fileID: 1499262006}
  m_RootOrder: 0
  m_LocalEulerAnglesHint: {x: 0, y: 0, z: 0}
--- !u!1001 &703429677
Prefab:
  m_ObjectHideFlags: 0
  serializedVersion: 2
  m_Modification:
    m_TransformParent: {fileID: 0}
    m_Modifications:
    - target: {fileID: 4361989940270204, guid: bba6b1c228902aa41afd9f3d0d24601d, type: 2}
      propertyPath: m_LocalPosition.x
      value: 738.5095
      objectReference: {fileID: 0}
    - target: {fileID: 4361989940270204, guid: bba6b1c228902aa41afd9f3d0d24601d, type: 2}
      propertyPath: m_LocalPosition.y
      value: 330.4366
      objectReference: {fileID: 0}
    - target: {fileID: 4361989940270204, guid: bba6b1c228902aa41afd9f3d0d24601d, type: 2}
      propertyPath: m_LocalPosition.z
      value: -10
      objectReference: {fileID: 0}
    - target: {fileID: 4361989940270204, guid: bba6b1c228902aa41afd9f3d0d24601d, type: 2}
      propertyPath: m_LocalRotation.x
      value: 0
      objectReference: {fileID: 0}
    - target: {fileID: 4361989940270204, guid: bba6b1c228902aa41afd9f3d0d24601d, type: 2}
      propertyPath: m_LocalRotation.y
      value: 0
      objectReference: {fileID: 0}
    - target: {fileID: 4361989940270204, guid: bba6b1c228902aa41afd9f3d0d24601d, type: 2}
      propertyPath: m_LocalRotation.z
      value: 0
      objectReference: {fileID: 0}
    - target: {fileID: 4361989940270204, guid: bba6b1c228902aa41afd9f3d0d24601d, type: 2}
      propertyPath: m_LocalRotation.w
      value: 1
      objectReference: {fileID: 0}
    - target: {fileID: 4361989940270204, guid: bba6b1c228902aa41afd9f3d0d24601d, type: 2}
      propertyPath: m_RootOrder
      value: 7
      objectReference: {fileID: 0}
    - target: {fileID: 114463800187927662, guid: bba6b1c228902aa41afd9f3d0d24601d,
        type: 2}
      propertyPath: derText
      value: 
      objectReference: {fileID: 411369457}
    - target: {fileID: 114463800187927662, guid: bba6b1c228902aa41afd9f3d0d24601d,
        type: 2}
      propertyPath: textString
      value: 
      objectReference: {fileID: 0}
    m_RemovedComponents: []
  m_ParentPrefab: {fileID: 100100000, guid: bba6b1c228902aa41afd9f3d0d24601d, type: 2}
  m_IsPrefabParent: 0
--- !u!1001 &744854733
Prefab:
  m_ObjectHideFlags: 0
  serializedVersion: 2
  m_Modification:
    m_TransformParent: {fileID: 0}
    m_Modifications:
    - target: {fileID: 4019560972085286, guid: e36942951a9dea34bb24879cb43d6c4e, type: 2}
      propertyPath: m_LocalPosition.x
      value: -1.015
      objectReference: {fileID: 0}
    - target: {fileID: 4019560972085286, guid: e36942951a9dea34bb24879cb43d6c4e, type: 2}
      propertyPath: m_LocalPosition.y
      value: -0.087
      objectReference: {fileID: 0}
    - target: {fileID: 4019560972085286, guid: e36942951a9dea34bb24879cb43d6c4e, type: 2}
      propertyPath: m_LocalPosition.z
      value: -0.039
      objectReference: {fileID: 0}
    - target: {fileID: 4019560972085286, guid: e36942951a9dea34bb24879cb43d6c4e, type: 2}
      propertyPath: m_LocalRotation.x
      value: 0
      objectReference: {fileID: 0}
    - target: {fileID: 4019560972085286, guid: e36942951a9dea34bb24879cb43d6c4e, type: 2}
      propertyPath: m_LocalRotation.y
      value: 0
      objectReference: {fileID: 0}
    - target: {fileID: 4019560972085286, guid: e36942951a9dea34bb24879cb43d6c4e, type: 2}
      propertyPath: m_LocalRotation.z
      value: 0
      objectReference: {fileID: 0}
    - target: {fileID: 4019560972085286, guid: e36942951a9dea34bb24879cb43d6c4e, type: 2}
      propertyPath: m_LocalRotation.w
      value: 1
      objectReference: {fileID: 0}
    - target: {fileID: 4019560972085286, guid: e36942951a9dea34bb24879cb43d6c4e, type: 2}
      propertyPath: m_RootOrder
      value: 3
      objectReference: {fileID: 0}
    - target: {fileID: 4019560972085286, guid: e36942951a9dea34bb24879cb43d6c4e, type: 2}
      propertyPath: m_LocalScale.y
      value: 2.3
      objectReference: {fileID: 0}
    - target: {fileID: 4019560972085286, guid: e36942951a9dea34bb24879cb43d6c4e, type: 2}
      propertyPath: m_LocalScale.x
      value: 1.3
      objectReference: {fileID: 0}
    - target: {fileID: 114244118954246344, guid: e36942951a9dea34bb24879cb43d6c4e,
        type: 2}
      propertyPath: jumpForce
      value: 128.1
      objectReference: {fileID: 0}
    - target: {fileID: 50388586593481532, guid: e36942951a9dea34bb24879cb43d6c4e,
        type: 2}
      propertyPath: m_Constraints
      value: 4
      objectReference: {fileID: 0}
    - target: {fileID: 114244118954246344, guid: e36942951a9dea34bb24879cb43d6c4e,
        type: 2}
      propertyPath: jumpCoolDown
      value: 0.2
      objectReference: {fileID: 0}
    m_RemovedComponents: []
  m_ParentPrefab: {fileID: 100100000, guid: e36942951a9dea34bb24879cb43d6c4e, type: 2}
  m_IsPrefabParent: 0
--- !u!1 &763726734
GameObject:
  m_ObjectHideFlags: 0
  m_PrefabParentObject: {fileID: 1430856121391456, guid: 4efd3bcd5cd9232498dd8da69c5aa6b6,
    type: 2}
  m_PrefabInternal: {fileID: 0}
  serializedVersion: 5
  m_Component:
  - component: {fileID: 763726735}
  - component: {fileID: 763726736}
  m_Layer: 12
  m_Name: Bone.001
  m_TagString: Untagged
  m_Icon: {fileID: 0}
  m_NavMeshLayer: 0
  m_StaticEditorFlags: 0
  m_IsActive: 1
--- !u!4 &763726735
Transform:
  m_ObjectHideFlags: 0
  m_PrefabParentObject: {fileID: 4414283613342068, guid: 4efd3bcd5cd9232498dd8da69c5aa6b6,
    type: 2}
  m_PrefabInternal: {fileID: 0}
  m_GameObject: {fileID: 763726734}
  m_LocalRotation: {x: -0.00000012191748, y: 0.00000003914696, z: 0.9650615, w: -0.26202348}
  m_LocalPosition: {x: -1.2678285e-17, y: 0.021662602, z: -4.440892e-18}
  m_LocalScale: {x: 0.99997354, y: 0.99998784, z: 1}
  m_Children:
  - {fileID: 1624047723}
  m_Father: {fileID: 1182024300}
  m_RootOrder: 0
  m_LocalEulerAnglesHint: {x: 0, y: 0, z: 0}
--- !u!61 &763726736
BoxCollider2D:
  m_ObjectHideFlags: 0
  m_PrefabParentObject: {fileID: 61785561752617728, guid: 4efd3bcd5cd9232498dd8da69c5aa6b6,
    type: 2}
  m_PrefabInternal: {fileID: 0}
  m_GameObject: {fileID: 763726734}
  m_Enabled: 1
  m_Density: 1
  m_Material: {fileID: 0}
  m_IsTrigger: 0
  m_UsedByEffector: 0
  m_UsedByComposite: 0
  m_Offset: {x: -0.00013772084, y: 0.009237706}
  m_SpriteTilingProperty:
    border: {x: 0, y: 0, z: 0, w: 0}
    pivot: {x: 0, y: 0}
    oldSize: {x: 0, y: 0}
    newSize: {x: 0, y: 0}
    adaptiveTilingThreshold: 0
    drawMode: 0
    adaptiveTiling: 0
  m_AutoTiling: 0
  serializedVersion: 2
  m_Size: {x: 0.0022745181, y: 0.018502401}
  m_EdgeRadius: 0
--- !u!224 &808097379 stripped
RectTransform:
  m_PrefabParentObject: {fileID: 224004435377950204, guid: 991ae3e42cf23d0428e92a77cddc0c67,
    type: 2}
  m_PrefabInternal: {fileID: 1791545434}
--- !u!1 &831439610
GameObject:
  m_ObjectHideFlags: 0
  m_PrefabParentObject: {fileID: 100000, guid: 1d34e0080b92b0541bbeca579775cbbb, type: 3}
  m_PrefabInternal: {fileID: 147423217}
  serializedVersion: 5
  m_Component:
  - component: {fileID: 831439611}
  m_Layer: 0
  m_Name: Armature
  m_TagString: Untagged
  m_Icon: {fileID: 0}
  m_NavMeshLayer: 0
  m_StaticEditorFlags: 0
  m_IsActive: 1
--- !u!4 &831439611
Transform:
  m_ObjectHideFlags: 0
  m_PrefabParentObject: {fileID: 400000, guid: 1d34e0080b92b0541bbeca579775cbbb, type: 3}
  m_PrefabInternal: {fileID: 147423217}
  m_GameObject: {fileID: 831439610}
  m_LocalRotation: {x: 1, y: -2.360534e-14, z: 0.00000016292071, w: 0.00000013315805}
  m_LocalPosition: {x: -0, y: 0, z: 0}
  m_LocalScale: {x: -0.34727627, y: -0.34727627, z: -0.34727627}
  m_Children:
  - {fileID: 1499262006}
  - {fileID: 1652639612}
  m_Father: {fileID: 1128050804}
  m_RootOrder: 0
  m_LocalEulerAnglesHint: {x: 0, y: 0, z: 0}
--- !u!1 &902865225
GameObject:
  m_ObjectHideFlags: 0
  m_PrefabParentObject: {fileID: 1406530152485734, guid: 4efd3bcd5cd9232498dd8da69c5aa6b6,
    type: 2}
  m_PrefabInternal: {fileID: 0}
  serializedVersion: 5
  m_Component:
  - component: {fileID: 902865226}
  m_Layer: 12
  m_Name: Armature
  m_TagString: Untagged
  m_Icon: {fileID: 0}
  m_NavMeshLayer: 0
  m_StaticEditorFlags: 0
  m_IsActive: 1
--- !u!4 &902865226
Transform:
  m_ObjectHideFlags: 0
  m_PrefabParentObject: {fileID: 4961261095805374, guid: 4efd3bcd5cd9232498dd8da69c5aa6b6,
    type: 2}
  m_PrefabInternal: {fileID: 0}
  m_GameObject: {fileID: 902865225}
  m_LocalRotation: {x: -0.00000016292068, y: -0.00000003774895, z: 1, w: -6.0888527e-15}
  m_LocalPosition: {x: -0, y: 0, z: 0}
  m_LocalScale: {x: -34.727627, y: -34.727627, z: -34.727627}
  m_Children:
  - {fileID: 1182024300}
  - {fileID: 1030413844}
  m_Father: {fileID: 1024866762}
  m_RootOrder: 0
  m_LocalEulerAnglesHint: {x: 0, y: 0, z: 0}
--- !u!1 &1024866761
GameObject:
  m_ObjectHideFlags: 0
  m_PrefabParentObject: {fileID: 1095689162804802, guid: 4efd3bcd5cd9232498dd8da69c5aa6b6,
    type: 2}
  m_PrefabInternal: {fileID: 0}
  serializedVersion: 5
  m_Component:
  - component: {fileID: 1024866762}
  - component: {fileID: 1024866764}
  - component: {fileID: 1024866763}
  m_Layer: 12
  m_Name: -Leg_L_Spider (1)
  m_TagString: Untagged
  m_Icon: {fileID: 0}
  m_NavMeshLayer: 0
  m_StaticEditorFlags: 0
  m_IsActive: 1
--- !u!4 &1024866762
Transform:
  m_ObjectHideFlags: 0
  m_PrefabParentObject: {fileID: 4311210783773896, guid: 4efd3bcd5cd9232498dd8da69c5aa6b6,
    type: 2}
  m_PrefabInternal: {fileID: 0}
  m_GameObject: {fileID: 1024866761}
  m_LocalRotation: {x: -0, y: -0, z: -0.89929587, w: 0.43734077}
  m_LocalPosition: {x: -0.298, y: 0.158, z: 0.000000029421997}
  m_LocalScale: {x: -1.0968509, y: 0.94332194, z: 0.9433218}
  m_Children:
  - {fileID: 902865226}
  - {fileID: 1823601080}
  m_Father: {fileID: 1508860365}
  m_RootOrder: 6
  m_LocalEulerAnglesHint: {x: 0, y: 0, z: -128.13101}
--- !u!114 &1024866763
MonoBehaviour:
  m_ObjectHideFlags: 0
  m_PrefabParentObject: {fileID: 114347439938672394, guid: 4efd3bcd5cd9232498dd8da69c5aa6b6,
    type: 2}
  m_PrefabInternal: {fileID: 0}
  m_GameObject: {fileID: 1024866761}
  m_Enabled: 1
  m_EditorHideFlags: 0
  m_Script: {fileID: 11500000, guid: 442aec0515cb4bf4d8586030b9ed22f7, type: 3}
  m_Name: 
  m_EditorClassIdentifier: 
  leftLeg: 1
--- !u!95 &1024866764
Animator:
  serializedVersion: 3
  m_ObjectHideFlags: 0
  m_PrefabParentObject: {fileID: 95872561318022082, guid: 4efd3bcd5cd9232498dd8da69c5aa6b6,
    type: 2}
  m_PrefabInternal: {fileID: 0}
  m_GameObject: {fileID: 1024866761}
  m_Enabled: 1
  m_Avatar: {fileID: 9000000, guid: d8ef20f112481e946b3970b3ee99218f, type: 3}
  m_Controller: {fileID: 9100000, guid: cb526786450134b49be372ddec57ab3c, type: 2}
  m_CullingMode: 1
  m_UpdateMode: 0
  m_ApplyRootMotion: 0
  m_LinearVelocityBlending: 0
  m_WarningMessage: 
  m_HasTransformHierarchy: 1
  m_AllowConstantClipSamplingOptimization: 1
--- !u!1 &1030413843
GameObject:
  m_ObjectHideFlags: 0
  m_PrefabParentObject: {fileID: 1075411751083686, guid: 4efd3bcd5cd9232498dd8da69c5aa6b6,
    type: 2}
  m_PrefabInternal: {fileID: 0}
  serializedVersion: 5
  m_Component:
  - component: {fileID: 1030413844}
  m_Layer: 12
  m_Name: Bone.004
  m_TagString: Untagged
  m_Icon: {fileID: 0}
  m_NavMeshLayer: 0
  m_StaticEditorFlags: 0
  m_IsActive: 1
--- !u!4 &1030413844
Transform:
  m_ObjectHideFlags: 0
  m_PrefabParentObject: {fileID: 4529290060315744, guid: 4efd3bcd5cd9232498dd8da69c5aa6b6,
    type: 2}
  m_PrefabInternal: {fileID: 0}
  m_GameObject: {fileID: 1030413843}
  m_LocalRotation: {x: 0, y: 0, z: 0.5930092, w: 0.8051957}
  m_LocalPosition: {x: -0.01523405, y: -0.023184184, z: 5.4477364e-11}
  m_LocalScale: {x: 1, y: 1, z: 1}
  m_Children:
  - {fileID: 1515387648}
  m_Father: {fileID: 902865226}
  m_RootOrder: 1
  m_LocalEulerAnglesHint: {x: 0, y: 0, z: 0}
--- !u!1001 &1091909857
Prefab:
  m_ObjectHideFlags: 0
  serializedVersion: 2
  m_Modification:
    m_TransformParent: {fileID: 0}
    m_Modifications:
    - target: {fileID: 4075288619405278, guid: 2be8a16900454a9409cf1c5a14524d59, type: 2}
      propertyPath: m_LocalPosition.x
      value: 1.8915334
      objectReference: {fileID: 0}
    - target: {fileID: 4075288619405278, guid: 2be8a16900454a9409cf1c5a14524d59, type: 2}
      propertyPath: m_LocalPosition.y
      value: 0.33651382
      objectReference: {fileID: 0}
    - target: {fileID: 4075288619405278, guid: 2be8a16900454a9409cf1c5a14524d59, type: 2}
      propertyPath: m_LocalPosition.z
      value: 0
      objectReference: {fileID: 0}
    - target: {fileID: 4075288619405278, guid: 2be8a16900454a9409cf1c5a14524d59, type: 2}
      propertyPath: m_LocalRotation.x
      value: 0
      objectReference: {fileID: 0}
    - target: {fileID: 4075288619405278, guid: 2be8a16900454a9409cf1c5a14524d59, type: 2}
      propertyPath: m_LocalRotation.y
      value: 0
      objectReference: {fileID: 0}
    - target: {fileID: 4075288619405278, guid: 2be8a16900454a9409cf1c5a14524d59, type: 2}
      propertyPath: m_LocalRotation.z
      value: 0
      objectReference: {fileID: 0}
    - target: {fileID: 4075288619405278, guid: 2be8a16900454a9409cf1c5a14524d59, type: 2}
      propertyPath: m_LocalRotation.w
      value: 1
      objectReference: {fileID: 0}
    - target: {fileID: 4075288619405278, guid: 2be8a16900454a9409cf1c5a14524d59, type: 2}
      propertyPath: m_RootOrder
      value: 0
      objectReference: {fileID: 0}
    - target: {fileID: 1445919244504838, guid: 2be8a16900454a9409cf1c5a14524d59, type: 2}
      propertyPath: m_Name
      value: Wall (1)
      objectReference: {fileID: 0}
    - target: {fileID: 1445919244504838, guid: 2be8a16900454a9409cf1c5a14524d59, type: 2}
      propertyPath: m_TagString
      value: Wall
      objectReference: {fileID: 0}
    - target: {fileID: 1445919244504838, guid: 2be8a16900454a9409cf1c5a14524d59, type: 2}
      propertyPath: m_Layer
      value: 9
      objectReference: {fileID: 0}
    - target: {fileID: 212318069518769116, guid: 2be8a16900454a9409cf1c5a14524d59,
        type: 2}
      propertyPath: m_SortingLayerID
      value: -653411001
      objectReference: {fileID: 0}
    - target: {fileID: 212318069518769116, guid: 2be8a16900454a9409cf1c5a14524d59,
        type: 2}
      propertyPath: m_Sprite
      value: 
      objectReference: {fileID: 21300000, guid: 98a83d5a1a260124aac5a732a1740eee,
        type: 3}
    - target: {fileID: 212318069518769116, guid: 2be8a16900454a9409cf1c5a14524d59,
        type: 2}
      propertyPath: m_Color.r
      value: 0
      objectReference: {fileID: 0}
    - target: {fileID: 212318069518769116, guid: 2be8a16900454a9409cf1c5a14524d59,
        type: 2}
      propertyPath: m_Color.g
      value: 0
      objectReference: {fileID: 0}
    - target: {fileID: 212318069518769116, guid: 2be8a16900454a9409cf1c5a14524d59,
        type: 2}
      propertyPath: m_Color.b
      value: 0
      objectReference: {fileID: 0}
    m_RemovedComponents: []
  m_ParentPrefab: {fileID: 100100000, guid: 2be8a16900454a9409cf1c5a14524d59, type: 2}
  m_IsPrefabParent: 0
--- !u!1001 &1105524267
Prefab:
  m_ObjectHideFlags: 0
  serializedVersion: 2
  m_Modification:
    m_TransformParent: {fileID: 0}
    m_Modifications:
    - target: {fileID: 4212781433562694, guid: 4efd3bcd5cd9232498dd8da69c5aa6b6, type: 2}
      propertyPath: m_LocalPosition.x
      value: -1.105105
      objectReference: {fileID: 0}
    - target: {fileID: 4212781433562694, guid: 4efd3bcd5cd9232498dd8da69c5aa6b6, type: 2}
      propertyPath: m_LocalPosition.y
      value: 0.37278554
      objectReference: {fileID: 0}
    - target: {fileID: 4212781433562694, guid: 4efd3bcd5cd9232498dd8da69c5aa6b6, type: 2}
      propertyPath: m_LocalPosition.z
      value: 0
      objectReference: {fileID: 0}
    - target: {fileID: 4212781433562694, guid: 4efd3bcd5cd9232498dd8da69c5aa6b6, type: 2}
      propertyPath: m_LocalRotation.x
      value: -0
      objectReference: {fileID: 0}
    - target: {fileID: 4212781433562694, guid: 4efd3bcd5cd9232498dd8da69c5aa6b6, type: 2}
      propertyPath: m_LocalRotation.y
      value: -0
      objectReference: {fileID: 0}
    - target: {fileID: 4212781433562694, guid: 4efd3bcd5cd9232498dd8da69c5aa6b6, type: 2}
      propertyPath: m_LocalRotation.z
      value: 0.01030147
      objectReference: {fileID: 0}
    - target: {fileID: 4212781433562694, guid: 4efd3bcd5cd9232498dd8da69c5aa6b6, type: 2}
      propertyPath: m_LocalRotation.w
      value: 0.99994695
      objectReference: {fileID: 0}
    - target: {fileID: 4212781433562694, guid: 4efd3bcd5cd9232498dd8da69c5aa6b6, type: 2}
      propertyPath: m_RootOrder
      value: 1
      objectReference: {fileID: 0}
    - target: {fileID: 4212781433562694, guid: 4efd3bcd5cd9232498dd8da69c5aa6b6, type: 2}
      propertyPath: m_LocalEulerAnglesHint.z
      value: 1.1800001
      objectReference: {fileID: 0}
    m_RemovedComponents: []
  m_ParentPrefab: {fileID: 100100000, guid: 4efd3bcd5cd9232498dd8da69c5aa6b6, type: 2}
  m_IsPrefabParent: 0
--- !u!1 &1128050802
GameObject:
  m_ObjectHideFlags: 0
  m_PrefabParentObject: {fileID: 100014, guid: 1d34e0080b92b0541bbeca579775cbbb, type: 3}
  m_PrefabInternal: {fileID: 147423217}
  serializedVersion: 5
  m_Component:
  - component: {fileID: 1128050804}
  - component: {fileID: 1128050803}
  m_Layer: 0
  m_Name: SpiderLeg 1
  m_TagString: Untagged
  m_Icon: {fileID: 0}
  m_NavMeshLayer: 0
  m_StaticEditorFlags: 0
  m_IsActive: 1
--- !u!95 &1128050803
Animator:
  serializedVersion: 3
  m_ObjectHideFlags: 0
  m_PrefabParentObject: {fileID: 9500000, guid: 1d34e0080b92b0541bbeca579775cbbb,
    type: 3}
  m_PrefabInternal: {fileID: 147423217}
  m_GameObject: {fileID: 1128050802}
  m_Enabled: 1
  m_Avatar: {fileID: 9000000, guid: 1d34e0080b92b0541bbeca579775cbbb, type: 3}
  m_Controller: {fileID: 0}
  m_CullingMode: 1
  m_UpdateMode: 0
  m_ApplyRootMotion: 0
  m_LinearVelocityBlending: 0
  m_WarningMessage: 
  m_HasTransformHierarchy: 1
  m_AllowConstantClipSamplingOptimization: 1
--- !u!4 &1128050804
Transform:
  m_ObjectHideFlags: 0
  m_PrefabParentObject: {fileID: 400014, guid: 1d34e0080b92b0541bbeca579775cbbb, type: 3}
  m_PrefabInternal: {fileID: 147423217}
  m_GameObject: {fileID: 1128050802}
  m_LocalRotation: {x: 0, y: 0, z: 0, w: 1}
  m_LocalPosition: {x: -0.21741942, y: 1.0452294, z: 0}
  m_LocalScale: {x: 1, y: 1, z: 1}
  m_Children:
  - {fileID: 831439611}
  - {fileID: 293478760}
  m_Father: {fileID: 0}
  m_RootOrder: 11
  m_LocalEulerAnglesHint: {x: 0, y: 0, z: 0}
--- !u!1 &1150866553
GameObject:
  m_ObjectHideFlags: 0
  m_PrefabParentObject: {fileID: 100006, guid: 1d34e0080b92b0541bbeca579775cbbb, type: 3}
  m_PrefabInternal: {fileID: 147423217}
  serializedVersion: 5
  m_Component:
  - component: {fileID: 1150866554}
  m_Layer: 0
  m_Name: Bone_002
  m_TagString: Untagged
  m_Icon: {fileID: 0}
  m_NavMeshLayer: 0
  m_StaticEditorFlags: 0
  m_IsActive: 1
--- !u!4 &1150866554
Transform:
  m_ObjectHideFlags: 0
  m_PrefabParentObject: {fileID: 400006, guid: 1d34e0080b92b0541bbeca579775cbbb, type: 3}
  m_PrefabInternal: {fileID: 147423217}
  m_GameObject: {fileID: 1150866553}
  m_LocalRotation: {x: -0.00000007386027, y: -0.000000027626157, z: 0.20244391, w: 0.9792939}
  m_LocalPosition: {x: -0.018221462, y: 0.000000005513431, z: -9.899999e-16}
  m_LocalScale: {x: 1.0000217, y: 1.0000314, z: 1}
  m_Children: []
  m_Father: {fileID: 613261461}
  m_RootOrder: 0
  m_LocalEulerAnglesHint: {x: 0, y: 0, z: 0}
--- !u!1 &1182024299
GameObject:
  m_ObjectHideFlags: 0
  m_PrefabParentObject: {fileID: 1079416684917674, guid: 4efd3bcd5cd9232498dd8da69c5aa6b6,
    type: 2}
  m_PrefabInternal: {fileID: 0}
  serializedVersion: 5
  m_Component:
  - component: {fileID: 1182024300}
  - component: {fileID: 1182024301}
  m_Layer: 12
  m_Name: Bone
  m_TagString: Untagged
  m_Icon: {fileID: 0}
  m_NavMeshLayer: 0
  m_StaticEditorFlags: 0
  m_IsActive: 1
--- !u!4 &1182024300
Transform:
  m_ObjectHideFlags: 0
  m_PrefabParentObject: {fileID: 4735179703561376, guid: 4efd3bcd5cd9232498dd8da69c5aa6b6,
    type: 2}
  m_PrefabInternal: {fileID: 0}
  m_GameObject: {fileID: 1182024299}
  m_LocalRotation: {x: -0.00000012327733, y: 0.000000028231264, z: 0.9751328, w: 0.22162126}
  m_LocalPosition: {x: -0, y: 0, z: 0}
  m_LocalScale: {x: 0.9999088, y: 1.0000058, z: 1}
  m_Children:
  - {fileID: 763726735}
  m_Father: {fileID: 902865226}
  m_RootOrder: 0
  m_LocalEulerAnglesHint: {x: 0, y: 0, z: 0}
--- !u!61 &1182024301
BoxCollider2D:
  m_ObjectHideFlags: 0
  m_PrefabParentObject: {fileID: 61110375106001598, guid: 4efd3bcd5cd9232498dd8da69c5aa6b6,
    type: 2}
  m_PrefabInternal: {fileID: 0}
  m_GameObject: {fileID: 1182024299}
  m_Enabled: 1
  m_Density: 1
  m_Material: {fileID: 0}
  m_IsTrigger: 0
  m_UsedByEffector: 0
  m_UsedByComposite: 0
  m_Offset: {x: 0.0001338452, y: 0.01077197}
  m_SpriteTilingProperty:
    border: {x: 0, y: 0, z: 0, w: 0}
    pivot: {x: 0, y: 0}
    oldSize: {x: 0, y: 0}
    newSize: {x: 0, y: 0}
    adaptiveTilingThreshold: 0
    drawMode: 0
    adaptiveTiling: 0
  m_AutoTiling: 0
  serializedVersion: 2
  m_Size: {x: 0.002245292, y: 0.021952348}
  m_EdgeRadius: 0
--- !u!1 &1236161634
GameObject:
  m_ObjectHideFlags: 0
  m_PrefabParentObject: {fileID: 0}
  m_PrefabInternal: {fileID: 0}
  serializedVersion: 5
  m_Component:
  - component: {fileID: 1236161639}
  - component: {fileID: 1236161638}
  - component: {fileID: 1236161637}
  - component: {fileID: 1236161636}
  - component: {fileID: 1236161635}
  - component: {fileID: 1236161640}
  m_Layer: 0
  m_Name: Main Camera
  m_TagString: MainCamera
  m_Icon: {fileID: 0}
  m_NavMeshLayer: 0
  m_StaticEditorFlags: 0
  m_IsActive: 1
--- !u!81 &1236161635
AudioListener:
  m_ObjectHideFlags: 0
  m_PrefabParentObject: {fileID: 0}
  m_PrefabInternal: {fileID: 0}
  m_GameObject: {fileID: 1236161634}
  m_Enabled: 1
--- !u!124 &1236161636
Behaviour:
  m_ObjectHideFlags: 0
  m_PrefabParentObject: {fileID: 0}
  m_PrefabInternal: {fileID: 0}
  m_GameObject: {fileID: 1236161634}
  m_Enabled: 1
--- !u!92 &1236161637
Behaviour:
  m_ObjectHideFlags: 0
  m_PrefabParentObject: {fileID: 0}
  m_PrefabInternal: {fileID: 0}
  m_GameObject: {fileID: 1236161634}
  m_Enabled: 1
--- !u!20 &1236161638
Camera:
  m_ObjectHideFlags: 0
  m_PrefabParentObject: {fileID: 0}
  m_PrefabInternal: {fileID: 0}
  m_GameObject: {fileID: 1236161634}
  m_Enabled: 1
  serializedVersion: 2
  m_ClearFlags: 1
  m_BackGroundColor: {r: 0.5529412, g: 0.5529412, b: 0.5529412, a: 0}
  m_NormalizedViewPortRect:
    serializedVersion: 2
    x: 0
    y: 0
    width: 1
    height: 1
  near clip plane: 0.3
  far clip plane: 1000
  field of view: 60
  orthographic: 1
  orthographic size: 1.6009767
  m_Depth: -1
  m_CullingMask:
    serializedVersion: 2
    m_Bits: 4294967295
  m_RenderingPath: -1
  m_TargetTexture: {fileID: 0}
  m_TargetDisplay: 0
  m_TargetEye: 3
  m_HDR: 1
  m_AllowMSAA: 1
  m_ForceIntoRT: 0
  m_OcclusionCulling: 1
  m_StereoConvergence: 10
  m_StereoSeparation: 0.022
  m_StereoMirrorMode: 0
--- !u!4 &1236161639
Transform:
  m_ObjectHideFlags: 0
  m_PrefabParentObject: {fileID: 0}
  m_PrefabInternal: {fileID: 0}
  m_GameObject: {fileID: 1236161634}
  m_LocalRotation: {x: -0, y: -0, z: -0, w: 1}
  m_LocalPosition: {x: 0, y: 1, z: -10}
  m_LocalScale: {x: 1.0054942, y: 1.0054942, z: 1}
  m_Children:
  - {fileID: 808097379}
  - {fileID: 428988699}
  m_Father: {fileID: 0}
  m_RootOrder: 16
  m_LocalEulerAnglesHint: {x: 0, y: 0, z: 0}
--- !u!114 &1236161640
MonoBehaviour:
  m_ObjectHideFlags: 0
  m_PrefabParentObject: {fileID: 0}
  m_PrefabInternal: {fileID: 0}
  m_GameObject: {fileID: 1236161634}
  m_Enabled: 1
  m_EditorHideFlags: 0
  m_Script: {fileID: 11500000, guid: 5dab0e26bdea9264eaeaedb5159534a1, type: 3}
  m_Name: 
  m_EditorClassIdentifier: 
  zoomOut: 2
  zoomIn: 1.1
--- !u!1 &1499262005
GameObject:
  m_ObjectHideFlags: 0
  m_PrefabParentObject: {fileID: 100002, guid: 1d34e0080b92b0541bbeca579775cbbb, type: 3}
  m_PrefabInternal: {fileID: 147423217}
  serializedVersion: 5
  m_Component:
  - component: {fileID: 1499262006}
  m_Layer: 0
  m_Name: Bone
  m_TagString: Untagged
  m_Icon: {fileID: 0}
  m_NavMeshLayer: 0
  m_StaticEditorFlags: 0
  m_IsActive: 1
--- !u!4 &1499262006
Transform:
  m_ObjectHideFlags: 0
  m_PrefabParentObject: {fileID: 400002, guid: 1d34e0080b92b0541bbeca579775cbbb, type: 3}
  m_PrefabInternal: {fileID: 147423217}
  m_GameObject: {fileID: 1499262005}
  m_LocalRotation: {x: -0.000000042551058, y: -0.00000012561918, z: 0.84196174, w: 0.53953725}
  m_LocalPosition: {x: -0, y: 0, z: 0}
  m_LocalScale: {x: 0.99999475, y: 0.99990886, z: 1}
  m_Children:
  - {fileID: 613261461}
  m_Father: {fileID: 831439611}
  m_RootOrder: 0
  m_LocalEulerAnglesHint: {x: 0, y: 0, z: 0}
--- !u!4 &1508860365 stripped
Transform:
  m_PrefabParentObject: {fileID: 4212781433562694, guid: 4efd3bcd5cd9232498dd8da69c5aa6b6,
    type: 2}
  m_PrefabInternal: {fileID: 1105524267}
--- !u!1 &1515387647
GameObject:
  m_ObjectHideFlags: 0
  m_PrefabParentObject: {fileID: 1113158295562802, guid: 4efd3bcd5cd9232498dd8da69c5aa6b6,
    type: 2}
  m_PrefabInternal: {fileID: 0}
  serializedVersion: 5
  m_Component:
  - component: {fileID: 1515387648}
  m_Layer: 12
  m_Name: Bone.003
  m_TagString: Untagged
  m_Icon: {fileID: 0}
  m_NavMeshLayer: 0
  m_StaticEditorFlags: 0
  m_IsActive: 1
--- !u!4 &1515387648
Transform:
  m_ObjectHideFlags: 0
  m_PrefabParentObject: {fileID: 4190763574141496, guid: 4efd3bcd5cd9232498dd8da69c5aa6b6,
    type: 2}
  m_PrefabInternal: {fileID: 0}
  m_GameObject: {fileID: 1515387647}
  m_LocalRotation: {x: 0, y: -0, z: -0, w: 1}
  m_LocalPosition: {x: 0.022118244, y: 0.0023095356, z: 1.6663664e-10}
  m_LocalScale: {x: 1, y: 1, z: 1}
  m_Children:
  - {fileID: 1854540174}
  m_Father: {fileID: 1030413844}
  m_RootOrder: 0
  m_LocalEulerAnglesHint: {x: 0, y: 0, z: 0}
--- !u!1001 &1563327437
Prefab:
  m_ObjectHideFlags: 0
  serializedVersion: 2
  m_Modification:
    m_TransformParent: {fileID: 0}
    m_Modifications:
    - target: {fileID: 4075288619405278, guid: 2be8a16900454a9409cf1c5a14524d59, type: 2}
      propertyPath: m_LocalPosition.x
      value: -3.298
      objectReference: {fileID: 0}
    - target: {fileID: 4075288619405278, guid: 2be8a16900454a9409cf1c5a14524d59, type: 2}
      propertyPath: m_LocalPosition.y
      value: 0.259
      objectReference: {fileID: 0}
    - target: {fileID: 4075288619405278, guid: 2be8a16900454a9409cf1c5a14524d59, type: 2}
      propertyPath: m_LocalPosition.z
      value: 0
      objectReference: {fileID: 0}
    - target: {fileID: 4075288619405278, guid: 2be8a16900454a9409cf1c5a14524d59, type: 2}
      propertyPath: m_LocalRotation.x
      value: 0
      objectReference: {fileID: 0}
    - target: {fileID: 4075288619405278, guid: 2be8a16900454a9409cf1c5a14524d59, type: 2}
      propertyPath: m_LocalRotation.y
      value: 0
      objectReference: {fileID: 0}
    - target: {fileID: 4075288619405278, guid: 2be8a16900454a9409cf1c5a14524d59, type: 2}
      propertyPath: m_LocalRotation.z
      value: 0
      objectReference: {fileID: 0}
    - target: {fileID: 4075288619405278, guid: 2be8a16900454a9409cf1c5a14524d59, type: 2}
      propertyPath: m_LocalRotation.w
      value: 1
      objectReference: {fileID: 0}
    - target: {fileID: 4075288619405278, guid: 2be8a16900454a9409cf1c5a14524d59, type: 2}
      propertyPath: m_RootOrder
      value: 6
      objectReference: {fileID: 0}
    - target: {fileID: 1445919244504838, guid: 2be8a16900454a9409cf1c5a14524d59, type: 2}
      propertyPath: m_TagString
      value: Wall
      objectReference: {fileID: 0}
    - target: {fileID: 1445919244504838, guid: 2be8a16900454a9409cf1c5a14524d59, type: 2}
      propertyPath: m_Layer
      value: 9
      objectReference: {fileID: 0}
    - target: {fileID: 212318069518769116, guid: 2be8a16900454a9409cf1c5a14524d59,
        type: 2}
      propertyPath: m_SortingLayerID
      value: -653411001
      objectReference: {fileID: 0}
    - target: {fileID: 212318069518769116, guid: 2be8a16900454a9409cf1c5a14524d59,
        type: 2}
      propertyPath: m_Sprite
      value: 
      objectReference: {fileID: 21300000, guid: 98a83d5a1a260124aac5a732a1740eee,
        type: 3}
    - target: {fileID: 212318069518769116, guid: 2be8a16900454a9409cf1c5a14524d59,
        type: 2}
      propertyPath: m_Color.r
      value: 0
      objectReference: {fileID: 0}
    - target: {fileID: 212318069518769116, guid: 2be8a16900454a9409cf1c5a14524d59,
        type: 2}
      propertyPath: m_Color.g
      value: 0
      objectReference: {fileID: 0}
    - target: {fileID: 212318069518769116, guid: 2be8a16900454a9409cf1c5a14524d59,
        type: 2}
      propertyPath: m_Color.b
      value: 0
      objectReference: {fileID: 0}
    - target: {fileID: 4075288619405278, guid: 2be8a16900454a9409cf1c5a14524d59, type: 2}
      propertyPath: m_LocalScale.x
      value: 1
      objectReference: {fileID: 0}
    m_RemovedComponents: []
  m_ParentPrefab: {fileID: 100100000, guid: 2be8a16900454a9409cf1c5a14524d59, type: 2}
  m_IsPrefabParent: 0
--- !u!1 &1580575808
GameObject:
  m_ObjectHideFlags: 0
  m_PrefabParentObject: {fileID: 1902622714657274, guid: 4efd3bcd5cd9232498dd8da69c5aa6b6,
    type: 2}
  m_PrefabInternal: {fileID: 0}
  serializedVersion: 5
  m_Component:
  - component: {fileID: 1580575809}
  m_Layer: 12
  m_Name: Bone.002_end
  m_TagString: Untagged
  m_Icon: {fileID: 0}
  m_NavMeshLayer: 0
  m_StaticEditorFlags: 0
  m_IsActive: 1
--- !u!4 &1580575809
Transform:
  m_ObjectHideFlags: 0
  m_PrefabParentObject: {fileID: 4256452813129382, guid: 4efd3bcd5cd9232498dd8da69c5aa6b6,
    type: 2}
  m_PrefabInternal: {fileID: 0}
  m_GameObject: {fileID: 1580575808}
  m_LocalRotation: {x: 0, y: -0, z: -0, w: 1}
  m_LocalPosition: {x: -0, y: 0.022238495, z: 0}
  m_LocalScale: {x: 1, y: 1, z: 1}
  m_Children: []
  m_Father: {fileID: 1624047723}
  m_RootOrder: 0
  m_LocalEulerAnglesHint: {x: 0, y: 0, z: 0}
--- !u!1 &1624047722
GameObject:
  m_ObjectHideFlags: 0
  m_PrefabParentObject: {fileID: 1849926115615088, guid: 4efd3bcd5cd9232498dd8da69c5aa6b6,
    type: 2}
  m_PrefabInternal: {fileID: 0}
  serializedVersion: 5
  m_Component:
  - component: {fileID: 1624047723}
  - component: {fileID: 1624047724}
  m_Layer: 12
  m_Name: Bone.002
  m_TagString: Untagged
  m_Icon: {fileID: 0}
  m_NavMeshLayer: 0
  m_StaticEditorFlags: 0
  m_IsActive: 1
--- !u!4 &1624047723
Transform:
  m_ObjectHideFlags: 0
  m_PrefabParentObject: {fileID: 4928745117302376, guid: 4efd3bcd5cd9232498dd8da69c5aa6b6,
    type: 2}
  m_PrefabInternal: {fileID: 0}
  m_GameObject: {fileID: 1624047722}
  m_LocalRotation: {x: -0.000000048484118, y: 0.0000000081205584, z: 0.9901885, w: 0.13973825}
  m_LocalPosition: {x: -0.0000000018719584, y: 0.018221466, z: 3.4416914e-17}
  m_LocalScale: {x: 1.0000284, y: 1.000004, z: 1}
  m_Children:
  - {fileID: 1580575809}
  m_Father: {fileID: 763726735}
  m_RootOrder: 0
  m_LocalEulerAnglesHint: {x: 0, y: 0, z: 0}
--- !u!61 &1624047724
BoxCollider2D:
  m_ObjectHideFlags: 0
  m_PrefabParentObject: {fileID: 61807722525484306, guid: 4efd3bcd5cd9232498dd8da69c5aa6b6,
    type: 2}
  m_PrefabInternal: {fileID: 0}
  m_GameObject: {fileID: 1624047722}
  m_Enabled: 1
  m_Density: 1
  m_Material: {fileID: 0}
  m_IsTrigger: 0
  m_UsedByEffector: 0
  m_UsedByComposite: 0
  m_Offset: {x: 0.0012127272, y: 0.010199318}
  m_SpriteTilingProperty:
    border: {x: 0, y: 0, z: 0, w: 0}
    pivot: {x: 0, y: 0}
    oldSize: {x: 0, y: 0}
    newSize: {x: 0, y: 0}
    adaptiveTilingThreshold: 0
    drawMode: 0
    adaptiveTiling: 0
  m_AutoTiling: 0
  serializedVersion: 2
  m_Size: {x: 0.0027657861, y: 0.022649214}
  m_EdgeRadius: 0
--- !u!1 &1632668207
GameObject:
  m_ObjectHideFlags: 0
  m_PrefabParentObject: {fileID: 0}
  m_PrefabInternal: {fileID: 0}
  serializedVersion: 5
  m_Component:
  - component: {fileID: 1632668209}
  - component: {fileID: 1632668208}
  m_Layer: 0
  m_Name: GlobalLightManager
  m_TagString: Untagged
  m_Icon: {fileID: 0}
  m_NavMeshLayer: 0
  m_StaticEditorFlags: 0
  m_IsActive: 1
--- !u!114 &1632668208
MonoBehaviour:
  m_ObjectHideFlags: 0
  m_PrefabParentObject: {fileID: 0}
  m_PrefabInternal: {fileID: 0}
  m_GameObject: {fileID: 1632668207}
  m_Enabled: 1
  m_EditorHideFlags: 0
  m_Script: {fileID: 11500000, guid: e93ddc3b4439a91428a4738abdf9fb85, type: 3}
  m_Name: 
  m_EditorClassIdentifier: 
  areOn: 1
  backgroundLight: {r: 0.7058823, g: 0.68741286, b: 0.67474043, a: 0}
  backgroundDark: {r: 0.10218424, g: 0.10593156, b: 0.1102941, a: 0}
  onOff: 1
  maxTime: 0.1
  coolDown: 0
--- !u!4 &1632668209
Transform:
  m_ObjectHideFlags: 0
  m_PrefabParentObject: {fileID: 0}
  m_PrefabInternal: {fileID: 0}
  m_GameObject: {fileID: 1632668207}
  m_LocalRotation: {x: 0, y: 0, z: 0, w: 1}
  m_LocalPosition: {x: 0, y: 0, z: 0}
  m_LocalScale: {x: 1, y: 1, z: 1}
  m_Children: []
  m_Father: {fileID: 0}
  m_RootOrder: 14
  m_LocalEulerAnglesHint: {x: 0, y: 0, z: 0}
--- !u!1 &1652639611
GameObject:
  m_ObjectHideFlags: 0
  m_PrefabParentObject: {fileID: 100010, guid: 1d34e0080b92b0541bbeca579775cbbb, type: 3}
  m_PrefabInternal: {fileID: 147423217}
  serializedVersion: 5
  m_Component:
  - component: {fileID: 1652639612}
  m_Layer: 0
  m_Name: Bone_004
  m_TagString: Untagged
  m_Icon: {fileID: 0}
  m_NavMeshLayer: 0
  m_StaticEditorFlags: 0
  m_IsActive: 1
--- !u!4 &1652639612
Transform:
  m_ObjectHideFlags: 0
  m_PrefabParentObject: {fileID: 400010, guid: 1d34e0080b92b0541bbeca579775cbbb, type: 3}
  m_PrefabInternal: {fileID: 147423217}
  m_GameObject: {fileID: 1652639611}
  m_LocalRotation: {x: 0, y: -0, z: -0.15003839, w: 0.9886802}
  m_LocalPosition: {x: -0.0056652427, y: -0.056479223, z: 0.0000000032116212}
  m_LocalScale: {x: 0.99999994, y: 0.99999994, z: 1}
  m_Children:
  - {fileID: 260985925}
  m_Father: {fileID: 831439611}
  m_RootOrder: 1
  m_LocalEulerAnglesHint: {x: 0, y: 0, z: 0}
--- !u!1001 &1674097678
Prefab:
  m_ObjectHideFlags: 0
  serializedVersion: 2
  m_Modification:
    m_TransformParent: {fileID: 0}
    m_Modifications:
    - target: {fileID: 4363903890192540, guid: eb0752e6e1089a548be8e893d2f396e9, type: 2}
      propertyPath: m_LocalPosition.x
      value: -2.717
      objectReference: {fileID: 0}
    - target: {fileID: 4363903890192540, guid: eb0752e6e1089a548be8e893d2f396e9, type: 2}
      propertyPath: m_LocalPosition.y
      value: 0.138
      objectReference: {fileID: 0}
    - target: {fileID: 4363903890192540, guid: eb0752e6e1089a548be8e893d2f396e9, type: 2}
      propertyPath: m_LocalPosition.z
      value: 0
      objectReference: {fileID: 0}
    - target: {fileID: 4363903890192540, guid: eb0752e6e1089a548be8e893d2f396e9, type: 2}
      propertyPath: m_LocalRotation.x
      value: 0
      objectReference: {fileID: 0}
    - target: {fileID: 4363903890192540, guid: eb0752e6e1089a548be8e893d2f396e9, type: 2}
      propertyPath: m_LocalRotation.y
      value: 0
      objectReference: {fileID: 0}
    - target: {fileID: 4363903890192540, guid: eb0752e6e1089a548be8e893d2f396e9, type: 2}
      propertyPath: m_LocalRotation.z
      value: 0
      objectReference: {fileID: 0}
    - target: {fileID: 4363903890192540, guid: eb0752e6e1089a548be8e893d2f396e9, type: 2}
      propertyPath: m_LocalRotation.w
      value: 1
      objectReference: {fileID: 0}
    - target: {fileID: 4363903890192540, guid: eb0752e6e1089a548be8e893d2f396e9, type: 2}
      propertyPath: m_RootOrder
      value: 5
      objectReference: {fileID: 0}
    - target: {fileID: 1167912209364430, guid: eb0752e6e1089a548be8e893d2f396e9, type: 2}
      propertyPath: m_Layer
      value: 14
      objectReference: {fileID: 0}
    - target: {fileID: 114318296738619358, guid: eb0752e6e1089a548be8e893d2f396e9,
        type: 2}
      propertyPath: walkSpeed
      value: 0.35
      objectReference: {fileID: 0}
    m_RemovedComponents: []
  m_ParentPrefab: {fileID: 100100000, guid: eb0752e6e1089a548be8e893d2f396e9, type: 2}
  m_IsPrefabParent: 0
--- !u!1001 &1791545434
Prefab:
  m_ObjectHideFlags: 0
  serializedVersion: 2
  m_Modification:
    m_TransformParent: {fileID: 1236161639}
    m_Modifications:
    - target: {fileID: 224004435377950204, guid: 991ae3e42cf23d0428e92a77cddc0c67,
        type: 2}
      propertyPath: m_LocalPosition.x
      value: 0
      objectReference: {fileID: 0}
    - target: {fileID: 224004435377950204, guid: 991ae3e42cf23d0428e92a77cddc0c67,
        type: 2}
      propertyPath: m_LocalPosition.y
      value: 0
      objectReference: {fileID: 0}
    - target: {fileID: 224004435377950204, guid: 991ae3e42cf23d0428e92a77cddc0c67,
        type: 2}
      propertyPath: m_LocalPosition.z
      value: 0
      objectReference: {fileID: 0}
    - target: {fileID: 224004435377950204, guid: 991ae3e42cf23d0428e92a77cddc0c67,
        type: 2}
      propertyPath: m_LocalRotation.x
      value: 0
      objectReference: {fileID: 0}
    - target: {fileID: 224004435377950204, guid: 991ae3e42cf23d0428e92a77cddc0c67,
        type: 2}
      propertyPath: m_LocalRotation.y
      value: 0
      objectReference: {fileID: 0}
    - target: {fileID: 224004435377950204, guid: 991ae3e42cf23d0428e92a77cddc0c67,
        type: 2}
      propertyPath: m_LocalRotation.z
      value: 0
      objectReference: {fileID: 0}
    - target: {fileID: 224004435377950204, guid: 991ae3e42cf23d0428e92a77cddc0c67,
        type: 2}
      propertyPath: m_LocalRotation.w
      value: 1
      objectReference: {fileID: 0}
    - target: {fileID: 224004435377950204, guid: 991ae3e42cf23d0428e92a77cddc0c67,
        type: 2}
      propertyPath: m_RootOrder
      value: 0
      objectReference: {fileID: 0}
    - target: {fileID: 224004435377950204, guid: 991ae3e42cf23d0428e92a77cddc0c67,
        type: 2}
      propertyPath: m_AnchoredPosition.x
      value: 0
      objectReference: {fileID: 0}
    - target: {fileID: 224004435377950204, guid: 991ae3e42cf23d0428e92a77cddc0c67,
        type: 2}
      propertyPath: m_AnchoredPosition.y
      value: 0
      objectReference: {fileID: 0}
    - target: {fileID: 224004435377950204, guid: 991ae3e42cf23d0428e92a77cddc0c67,
        type: 2}
      propertyPath: m_SizeDelta.x
      value: 0
      objectReference: {fileID: 0}
    - target: {fileID: 224004435377950204, guid: 991ae3e42cf23d0428e92a77cddc0c67,
        type: 2}
      propertyPath: m_SizeDelta.y
      value: 0
      objectReference: {fileID: 0}
    - target: {fileID: 224004435377950204, guid: 991ae3e42cf23d0428e92a77cddc0c67,
        type: 2}
      propertyPath: m_AnchorMin.x
      value: 0
      objectReference: {fileID: 0}
    - target: {fileID: 224004435377950204, guid: 991ae3e42cf23d0428e92a77cddc0c67,
        type: 2}
      propertyPath: m_AnchorMin.y
      value: 0
      objectReference: {fileID: 0}
    - target: {fileID: 224004435377950204, guid: 991ae3e42cf23d0428e92a77cddc0c67,
        type: 2}
      propertyPath: m_AnchorMax.x
      value: 0
      objectReference: {fileID: 0}
    - target: {fileID: 224004435377950204, guid: 991ae3e42cf23d0428e92a77cddc0c67,
        type: 2}
      propertyPath: m_AnchorMax.y
      value: 0
      objectReference: {fileID: 0}
    - target: {fileID: 224004435377950204, guid: 991ae3e42cf23d0428e92a77cddc0c67,
        type: 2}
      propertyPath: m_Pivot.x
      value: 0
      objectReference: {fileID: 0}
    - target: {fileID: 224004435377950204, guid: 991ae3e42cf23d0428e92a77cddc0c67,
        type: 2}
      propertyPath: m_Pivot.y
      value: 0
      objectReference: {fileID: 0}
    m_RemovedComponents: []
  m_ParentPrefab: {fileID: 100100000, guid: 991ae3e42cf23d0428e92a77cddc0c67, type: 2}
  m_IsPrefabParent: 0
--- !u!1 &1823601079
GameObject:
  m_ObjectHideFlags: 0
  m_PrefabParentObject: {fileID: 1852467493243568, guid: 4efd3bcd5cd9232498dd8da69c5aa6b6,
    type: 2}
  m_PrefabInternal: {fileID: 0}
  serializedVersion: 5
  m_Component:
  - component: {fileID: 1823601080}
  - component: {fileID: 1823601081}
  m_Layer: 12
  m_Name: SpiderLeg_L_Mesh
  m_TagString: Untagged
  m_Icon: {fileID: 0}
  m_NavMeshLayer: 0
  m_StaticEditorFlags: 0
  m_IsActive: 1
--- !u!4 &1823601080
Transform:
  m_ObjectHideFlags: 0
  m_PrefabParentObject: {fileID: 4620771957166140, guid: 4efd3bcd5cd9232498dd8da69c5aa6b6,
    type: 2}
  m_PrefabInternal: {fileID: 0}
  m_GameObject: {fileID: 1823601079}
  m_LocalRotation: {x: -0.00000016292068, y: -0.000000037748954, z: 1, w: -0.000000043711395}
  m_LocalPosition: {x: 1.349, y: 0.024, z: 0}
  m_LocalScale: {x: -34.727627, y: -34.727627, z: -34.727627}
  m_Children: []
  m_Father: {fileID: 1024866762}
  m_RootOrder: 1
  m_LocalEulerAnglesHint: {x: 0, y: 0, z: 0}
--- !u!137 &1823601081
SkinnedMeshRenderer:
  m_ObjectHideFlags: 0
  m_PrefabParentObject: {fileID: 137721937595162400, guid: 4efd3bcd5cd9232498dd8da69c5aa6b6,
    type: 2}
  m_PrefabInternal: {fileID: 0}
  m_GameObject: {fileID: 1823601079}
  m_Enabled: 1
  m_CastShadows: 1
  m_ReceiveShadows: 1
  m_MotionVectors: 1
  m_LightProbeUsage: 1
  m_ReflectionProbeUsage: 1
  m_Materials:
  - {fileID: 2100000, guid: 867a8f77cf7d3164a875283183658705, type: 2}
  m_StaticBatchInfo:
    firstSubMesh: 0
    subMeshCount: 0
  m_StaticBatchRoot: {fileID: 0}
  m_ProbeAnchor: {fileID: 0}
  m_LightProbeVolumeOverride: {fileID: 0}
  m_ScaleInLightmap: 1
  m_PreserveUVs: 0
  m_IgnoreNormalsForChartDetection: 0
  m_ImportantGI: 0
  m_SelectedEditorRenderState: 3
  m_MinimumChartSize: 4
  m_AutoUVMaxDistance: 0.5
  m_AutoUVMaxAngle: 89
  m_LightmapParameters: {fileID: 0}
  m_SortingLayerID: 0
  m_SortingLayer: 0
  m_SortingOrder: 0
  serializedVersion: 2
  m_Quality: 0
  m_UpdateWhenOffscreen: 0
  m_SkinnedMotionVectors: 1
  m_Mesh: {fileID: 4300000, guid: d8ef20f112481e946b3970b3ee99218f, type: 3}
  m_Bones:
  - {fileID: 1182024300}
  - {fileID: 763726735}
  - {fileID: 1624047723}
  - {fileID: 1030413844}
  - {fileID: 1515387648}
  m_BlendShapeWeights: []
  m_RootBone: {fileID: 1182024300}
  m_AABB:
    m_Center: {x: 0.0057464666, y: 0.01404628, z: 4.940537e-10}
    m_Extent: {x: 0.006488778, y: 0.014160331, z: 0.000000001909361}
  m_DirtyAABB: 0
--- !u!1001 &1852248814
Prefab:
  m_ObjectHideFlags: 0
  serializedVersion: 2
  m_Modification:
    m_TransformParent: {fileID: 0}
    m_Modifications:
    - target: {fileID: 4052230076909298, guid: 59c2b8b593f42b341bf921bdb1f6e9c0, type: 2}
      propertyPath: m_LocalPosition.x
      value: 1.005
      objectReference: {fileID: 0}
    - target: {fileID: 4052230076909298, guid: 59c2b8b593f42b341bf921bdb1f6e9c0, type: 2}
      propertyPath: m_LocalPosition.y
      value: -0.329
      objectReference: {fileID: 0}
    - target: {fileID: 4052230076909298, guid: 59c2b8b593f42b341bf921bdb1f6e9c0, type: 2}
      propertyPath: m_LocalPosition.z
      value: 0
      objectReference: {fileID: 0}
    - target: {fileID: 4052230076909298, guid: 59c2b8b593f42b341bf921bdb1f6e9c0, type: 2}
      propertyPath: m_LocalRotation.x
      value: -0
      objectReference: {fileID: 0}
    - target: {fileID: 4052230076909298, guid: 59c2b8b593f42b341bf921bdb1f6e9c0, type: 2}
      propertyPath: m_LocalRotation.y
      value: -0
      objectReference: {fileID: 0}
    - target: {fileID: 4052230076909298, guid: 59c2b8b593f42b341bf921bdb1f6e9c0, type: 2}
      propertyPath: m_LocalRotation.z
      value: 0.028166318
      objectReference: {fileID: 0}
    - target: {fileID: 4052230076909298, guid: 59c2b8b593f42b341bf921bdb1f6e9c0, type: 2}
      propertyPath: m_LocalRotation.w
      value: 0.9996033
      objectReference: {fileID: 0}
    - target: {fileID: 4052230076909298, guid: 59c2b8b593f42b341bf921bdb1f6e9c0, type: 2}
      propertyPath: m_RootOrder
      value: 9
      objectReference: {fileID: 0}
    - target: {fileID: 212172845395770018, guid: 59c2b8b593f42b341bf921bdb1f6e9c0,
        type: 2}
      propertyPath: m_SortingLayerID
      value: -653411001
      objectReference: {fileID: 0}
    - target: {fileID: 1160090227055648, guid: 59c2b8b593f42b341bf921bdb1f6e9c0, type: 2}
      propertyPath: m_Name
      value: Ground (1)
      objectReference: {fileID: 0}
    - target: {fileID: 4052230076909298, guid: 59c2b8b593f42b341bf921bdb1f6e9c0, type: 2}
      propertyPath: m_LocalEulerAnglesHint.z
      value: 3.2280002
      objectReference: {fileID: 0}
    - target: {fileID: 212172845395770018, guid: 59c2b8b593f42b341bf921bdb1f6e9c0,
        type: 2}
      propertyPath: m_Sprite
      value: 
      objectReference: {fileID: 21300000, guid: 98a83d5a1a260124aac5a732a1740eee,
        type: 3}
    - target: {fileID: 212172845395770018, guid: 59c2b8b593f42b341bf921bdb1f6e9c0,
        type: 2}
      propertyPath: m_Color.r
      value: 0
      objectReference: {fileID: 0}
    - target: {fileID: 212172845395770018, guid: 59c2b8b593f42b341bf921bdb1f6e9c0,
        type: 2}
      propertyPath: m_Color.g
      value: 0
      objectReference: {fileID: 0}
    - target: {fileID: 212172845395770018, guid: 59c2b8b593f42b341bf921bdb1f6e9c0,
        type: 2}
      propertyPath: m_Color.b
      value: 0
      objectReference: {fileID: 0}
    - target: {fileID: 61647543603402202, guid: 59c2b8b593f42b341bf921bdb1f6e9c0,
        type: 2}
      propertyPath: m_SpriteTilingProperty.border.x
      value: 0
      objectReference: {fileID: 0}
    - target: {fileID: 61647543603402202, guid: 59c2b8b593f42b341bf921bdb1f6e9c0,
        type: 2}
      propertyPath: m_SpriteTilingProperty.border.y
      value: 0
      objectReference: {fileID: 0}
    - target: {fileID: 61647543603402202, guid: 59c2b8b593f42b341bf921bdb1f6e9c0,
        type: 2}
      propertyPath: m_SpriteTilingProperty.border.z
      value: 0
      objectReference: {fileID: 0}
    - target: {fileID: 61647543603402202, guid: 59c2b8b593f42b341bf921bdb1f6e9c0,
        type: 2}
      propertyPath: m_SpriteTilingProperty.border.w
      value: 0
      objectReference: {fileID: 0}
    - target: {fileID: 61647543603402202, guid: 59c2b8b593f42b341bf921bdb1f6e9c0,
        type: 2}
      propertyPath: m_SpriteTilingProperty.oldSize.x
      value: 0.13074566
      objectReference: {fileID: 0}
    - target: {fileID: 61647543603402202, guid: 59c2b8b593f42b341bf921bdb1f6e9c0,
        type: 2}
      propertyPath: m_SpriteTilingProperty.oldSize.y
      value: 0.13074566
      objectReference: {fileID: 0}
    - target: {fileID: 4052230076909298, guid: 59c2b8b593f42b341bf921bdb1f6e9c0, type: 2}
      propertyPath: m_LocalScale.x
      value: 34.47081
      objectReference: {fileID: 0}
    m_RemovedComponents: []
  m_ParentPrefab: {fileID: 100100000, guid: 59c2b8b593f42b341bf921bdb1f6e9c0, type: 2}
  m_IsPrefabParent: 0
--- !u!1 &1854540173
GameObject:
  m_ObjectHideFlags: 0
  m_PrefabParentObject: {fileID: 1304207142989814, guid: 4efd3bcd5cd9232498dd8da69c5aa6b6,
    type: 2}
  m_PrefabInternal: {fileID: 0}
  serializedVersion: 5
  m_Component:
  - component: {fileID: 1854540174}
  m_Layer: 12
  m_Name: Bone.003_end
  m_TagString: Untagged
  m_Icon: {fileID: 0}
  m_NavMeshLayer: 0
  m_StaticEditorFlags: 0
  m_IsActive: 1
--- !u!4 &1854540174
Transform:
  m_ObjectHideFlags: 0
  m_PrefabParentObject: {fileID: 4175780534987518, guid: 4efd3bcd5cd9232498dd8da69c5aa6b6,
    type: 2}
  m_PrefabInternal: {fileID: 0}
  m_GameObject: {fileID: 1854540173}
  m_LocalRotation: {x: 0, y: -0, z: -0, w: 1}
  m_LocalPosition: {x: -0, y: 0.0014993199, z: 0}
  m_LocalScale: {x: 1, y: 1, z: 1}
  m_Children: []
  m_Father: {fileID: 1515387648}
  m_RootOrder: 0
  m_LocalEulerAnglesHint: {x: 0, y: 0, z: 0}
--- !u!1 &1878859423
GameObject:
  m_ObjectHideFlags: 0
  m_PrefabParentObject: {fileID: 0}
  m_PrefabInternal: {fileID: 0}
  serializedVersion: 5
  m_Component:
  - component: {fileID: 1878859425}
  - component: {fileID: 1878859424}
  m_Layer: 0
  m_Name: Point light
  m_TagString: Untagged
  m_Icon: {fileID: 0}
  m_NavMeshLayer: 0
  m_StaticEditorFlags: 0
  m_IsActive: 1
--- !u!108 &1878859424
Light:
  m_ObjectHideFlags: 0
  m_PrefabParentObject: {fileID: 0}
  m_PrefabInternal: {fileID: 0}
  m_GameObject: {fileID: 1878859423}
  m_Enabled: 1
  serializedVersion: 8
  m_Type: 2
  m_Color: {r: 1, g: 0.97210956, b: 0.8161765, a: 1}
  m_Intensity: 1
  m_Range: 10
  m_SpotAngle: 30
  m_CookieSize: 10
  m_Shadows:
    m_Type: 0
    m_Resolution: -1
    m_CustomResolution: -1
    m_Strength: 1
    m_Bias: 0.05
    m_NormalBias: 0.4
    m_NearPlane: 0.2
  m_Cookie: {fileID: 0}
  m_DrawHalo: 0
  m_Flare: {fileID: 0}
  m_RenderMode: 0
  m_CullingMask:
    serializedVersion: 2
    m_Bits: 4294967295
  m_Lightmapping: 4
  m_AreaSize: {x: 1, y: 1}
  m_BounceIntensity: 1
  m_ColorTemperature: 6570
  m_UseColorTemperature: 0
  m_ShadowRadius: 0
  m_ShadowAngle: 0
--- !u!4 &1878859425
Transform:
  m_ObjectHideFlags: 0
  m_PrefabParentObject: {fileID: 0}
  m_PrefabInternal: {fileID: 0}
  m_GameObject: {fileID: 1878859423}
  m_LocalRotation: {x: 0, y: 0, z: 0, w: 1}
  m_LocalPosition: {x: -0.36520985, y: 0.898, z: 0}
  m_LocalScale: {x: 1, y: 1, z: 1}
  m_Children: []
  m_Father: {fileID: 0}
  m_RootOrder: 12
  m_LocalEulerAnglesHint: {x: 0, y: 0, z: 0}
--- !u!1001 &2095504729
Prefab:
  m_ObjectHideFlags: 0
  serializedVersion: 2
  m_Modification:
    m_TransformParent: {fileID: 0}
    m_Modifications:
    - target: {fileID: 4075288619405278, guid: 2be8a16900454a9409cf1c5a14524d59, type: 2}
      propertyPath: m_LocalPosition.x
      value: -2.12
      objectReference: {fileID: 0}
    - target: {fileID: 4075288619405278, guid: 2be8a16900454a9409cf1c5a14524d59, type: 2}
      propertyPath: m_LocalPosition.y
      value: 1.893
      objectReference: {fileID: 0}
    - target: {fileID: 4075288619405278, guid: 2be8a16900454a9409cf1c5a14524d59, type: 2}
      propertyPath: m_LocalPosition.z
      value: 0
      objectReference: {fileID: 0}
    - target: {fileID: 4075288619405278, guid: 2be8a16900454a9409cf1c5a14524d59, type: 2}
      propertyPath: m_LocalRotation.x
      value: -0
      objectReference: {fileID: 0}
    - target: {fileID: 4075288619405278, guid: 2be8a16900454a9409cf1c5a14524d59, type: 2}
      propertyPath: m_LocalRotation.y
      value: -0
      objectReference: {fileID: 0}
    - target: {fileID: 4075288619405278, guid: 2be8a16900454a9409cf1c5a14524d59, type: 2}
      propertyPath: m_LocalRotation.z
      value: -0.63870525
      objectReference: {fileID: 0}
    - target: {fileID: 4075288619405278, guid: 2be8a16900454a9409cf1c5a14524d59, type: 2}
      propertyPath: m_LocalRotation.w
      value: 0.7694515
      objectReference: {fileID: 0}
    - target: {fileID: 4075288619405278, guid: 2be8a16900454a9409cf1c5a14524d59, type: 2}
      propertyPath: m_RootOrder
      value: 13
      objectReference: {fileID: 0}
    - target: {fileID: 1445919244504838, guid: 2be8a16900454a9409cf1c5a14524d59, type: 2}
      propertyPath: m_TagString
      value: Wall
      objectReference: {fileID: 0}
    - target: {fileID: 1445919244504838, guid: 2be8a16900454a9409cf1c5a14524d59, type: 2}
      propertyPath: m_Layer
      value: 9
      objectReference: {fileID: 0}
    - target: {fileID: 212318069518769116, guid: 2be8a16900454a9409cf1c5a14524d59,
        type: 2}
      propertyPath: m_SortingLayerID
      value: -653411001
      objectReference: {fileID: 0}
    - target: {fileID: 212318069518769116, guid: 2be8a16900454a9409cf1c5a14524d59,
        type: 2}
      propertyPath: m_Sprite
      value: 
      objectReference: {fileID: 21300000, guid: 98a83d5a1a260124aac5a732a1740eee,
        type: 3}
    - target: {fileID: 212318069518769116, guid: 2be8a16900454a9409cf1c5a14524d59,
        type: 2}
      propertyPath: m_Color.r
      value: 0
      objectReference: {fileID: 0}
    - target: {fileID: 212318069518769116, guid: 2be8a16900454a9409cf1c5a14524d59,
        type: 2}
      propertyPath: m_Color.g
      value: 0
      objectReference: {fileID: 0}
    - target: {fileID: 212318069518769116, guid: 2be8a16900454a9409cf1c5a14524d59,
        type: 2}
      propertyPath: m_Color.b
      value: 0
      objectReference: {fileID: 0}
    - target: {fileID: 4075288619405278, guid: 2be8a16900454a9409cf1c5a14524d59, type: 2}
      propertyPath: m_LocalScale.x
      value: 1
      objectReference: {fileID: 0}
    - target: {fileID: 1445919244504838, guid: 2be8a16900454a9409cf1c5a14524d59, type: 2}
      propertyPath: m_Name
      value: Wall (2)
      objectReference: {fileID: 0}
    - target: {fileID: 61963350149053180, guid: 2be8a16900454a9409cf1c5a14524d59,
        type: 2}
      propertyPath: m_SpriteTilingProperty.border.x
      value: 0
      objectReference: {fileID: 0}
    - target: {fileID: 61963350149053180, guid: 2be8a16900454a9409cf1c5a14524d59,
        type: 2}
      propertyPath: m_SpriteTilingProperty.border.y
      value: 0
      objectReference: {fileID: 0}
    - target: {fileID: 61963350149053180, guid: 2be8a16900454a9409cf1c5a14524d59,
        type: 2}
      propertyPath: m_SpriteTilingProperty.border.z
      value: 0
      objectReference: {fileID: 0}
    - target: {fileID: 61963350149053180, guid: 2be8a16900454a9409cf1c5a14524d59,
        type: 2}
      propertyPath: m_SpriteTilingProperty.border.w
      value: 0
      objectReference: {fileID: 0}
    - target: {fileID: 61963350149053180, guid: 2be8a16900454a9409cf1c5a14524d59,
        type: 2}
      propertyPath: m_SpriteTilingProperty.oldSize.x
      value: 0.13074566
      objectReference: {fileID: 0}
    - target: {fileID: 61963350149053180, guid: 2be8a16900454a9409cf1c5a14524d59,
        type: 2}
      propertyPath: m_SpriteTilingProperty.oldSize.y
      value: 0.13074566
      objectReference: {fileID: 0}
    - target: {fileID: 4075288619405278, guid: 2be8a16900454a9409cf1c5a14524d59, type: 2}
      propertyPath: m_LocalEulerAnglesHint.z
      value: -79.39101
      objectReference: {fileID: 0}
    m_RemovedComponents: []
  m_ParentPrefab: {fileID: 100100000, guid: 2be8a16900454a9409cf1c5a14524d59, type: 2}
  m_IsPrefabParent: 0
